%% Modified Adam's Bibtex file using https://flamingtempura.github.io/bibtex-tidy/ - Wajih
@string{security = "USENIX Security Symposium"}
@string{ccs = "ACM Conference on Computer and Communications Security (CCS)"}
@string{oakland = "IEEE Symposium on Security and Privacy (S\&P)"}
@string{ndss = "Network and Distributed System Security (NDSS)"}
@string{tapp = "USENIX Workshop on the Theory and Practice of Provenance (TaPP)"}
@string{osdi = "USENIX Conference on Operating Systems Design and Implementation (OSDI)"}
@string{sosp = "ACM Symposium on Operating Systems Principles (SOSP)"}
@string{asiaccs = "ACM Symposium on Information, Computer and Communications Security (ASIACCS)"}
@string{acsac = "Annual Computer Security Applications Conference (ACSAC)"}
@string{dimva = "Conference on Detection of Intrusions and Malware, and Vulnerability Assessment (DIMVA)"}
@string{www = "International World Wide Web Conference (WWW)"}
@string{esorics = "European Symposium on Research in Computer Security (ESORICS)"}
@string{pkc = "IACR International Conference on Practice and Theory of Public-Key Cryptography (PKC)"}
@string{eurosys = "European Conference on Computer Systems (EuroSys)"}
@string{nsdi = "USENIX Symposium on Networked Systems Design and Implementation (NSDI)"}
@string{atc = "USENIX Annual Technical Conference (ATC)"}
@string{fast = "USENIX Conference on File and Storage Technologies (FAST)"}
@string{indocrypt = "International Conference on Cryptology in India (INDOCRYPT)"}
@string{fc = "International Conference on Financial Cryptography and Data Security (FC)"}
@string{ct-rsa = "Cryptographers' Track at the RSA Conference (CT-RSA)"}
@string{dsn = "Conference on Dependable Systems and Networks (DSN)"}
@string{raid = "International Symposium on Research in Attacks, Intrusions, and Defenses (RAID)"}
@string{raid-old = "International Symposium on Recent Advances in Intrusion Detection (RAID)"}
@string{codaspy = "ACM Conference on Data and Application Security and Privacy (CODASPY)"}
@string{ccgrid = "IEEE/ACM International Symposium on Cluster, Cloud and Grid Computing (CCGRID)"}
@string{icwe = "International Conference on Web Engineering (ICWE)"}
@string{icst = "IEEE International Conference on Software Testing, Verification and Validation (ICST)"}
@string{csmr = "European Conference on Software Maintenance and Reengineering (CSMR)"}
@string{fase = "International Conference on Fundamental Approaches to Software Engineering (FASE)"}
@string{vldb = "International Conference on Very Large Data Bases (VLDB)"}
@string{wcre = "Working Conference on Reverse Engineering (WCRE)"}
@string{dls = "ACM SIGPLAN Dynamic Languages Symposium (DLS)"}
@string{ace = "IEEE/ACM Conference on Automated Software Engineering (ASE)"}
@string{acm-plas = "ACM SIGPLAN Workshop on Programming Languages and Analysis for Security (PLAS)"}
@string{tacas = "International Conference on Tools and Algorithms for the Construction and Analysis of Systems (TACAS)"}
@string{pldi = "ACM SIGPLAN Conference on Programming Language Design and Implementation (PLDI)"}
@string{hotsec = "USENIX Workshop on Hot Topics in Security (HotSec)"}
@string{ifip-sec = "IFIP International Information Security Conference"}
@string{popl = "Symposium on Principles of Programming Languages (POPL)"}
@string{w2sp = "Workshop on Web 2.0 Security and Privacy (W2SP)"}
@string{sac = "ACM Symposium on Applied Computing (SAC)"}
@string{iceccs = "IEEE International Conference on Engineering of Complex Computer Systems (ICECCS)"}
@string{woot = "USENIX Workshop on Offensive Technologies (WOOT)"}
@string{mines = "International Conference on Multimedia Information Networking and Security (MINES)"}
@string{icc = "IEEE International Conference on Communications (ICC)"}
@string{cit = "IEEE International Conference on Computer and Information Technology (CIT)"}
@string{soaps = "Symposium on Accessible Privacy and Security (SOAPS)"}
@string{dyla = "Workshop on Dynamic Languages and Applications (DYLA)"}
@string{fse = "Joint Meeting on Foundations of Software Engineering (FSE)"}
@string{webapps = "USENIX Conference on Web Application Development (WebApps)"}
@string{issta = "International Symposium on Software Testing and Analysis (ISSTA)"}
@string{sas = "International Static Analysis Symposium (SAS)"}
@string{fie = "Frontiers in Education Conference (FIE)"}
@string{icse = "International Conference on Software Engineering (ICSE)"}
@string{cav = "International Conference on Computer-Aided Verification (CAV)"}
@string{aaai = "AAAI Conference on Artifical Intelligence (AAAI)"}
@string{lopstr = "International Symposium on Logic-Based Program Synthesis and Transformation (LOPSTR)"}
@article{d1976,
  title        = {A Lattice Model of Secure Information Flow},
  author       = {Denning, Dorothy E.},
  year         = 1976,
  journal      = {Communications of the ACM},
}
@article{garey1976some,
  title        = {Some simplified NP-complete graph problems},
  author       = {Garey, Michael R and Johnson, David S. and Stockmeyer, Larry},
  year         = 1976,
  journal      = {Theoretical computer science},
  publisher    = {Elsevier},
}
@article{ullmann1976algorithm,
  title        = {An algorithm for subgraph isomorphism},
  author       = {Ullmann, Julian R},
  year         = 1976,
  journal      = {Journal of the ACM (JACM)},
}
@article{deutsch1976efficient,
  title        = {An efficient, incremental, automatic garbage collector},
  author       = {Deutsch, L Peter and Bobrow, Daniel G},
  year         = 1976,
  journal      = {Communications of the ACM},
}
@article{king:1976:symbolic,
  title        = {Symbolic Execution and Program Testing},
  author       = {King, James C.},
  year         = 1976,
  journal      = {Commun. ACM},
  publisher    = {ACM},
  volume       = 19,
  number       = 7,
  issue_date   = {July 1976},
}
@article{dijkstra1978fly,
  title        = {On-the-fly garbage collection: An exercise in cooperation},
  author       = {Dijkstra, Edsger W and Lamport, Leslie and Martin, Alain J. and Scholten, Carel S. and Steffens, Elisabeth FM},
  year         = 1978,
  journal      = {Communications of the ACM},
}
@article{lamportclocks,
  title        = {Time, Clocks, and the Ordering of Events in a Distributed System},
  author       = {Lamport, Leslie},
  year         = 1978,
  journal      = {Communications of the ACM},
}
@book{Kernighan:1978,
  title        = {The C Programming Language},
  author       = {Kernighan, B. W. and Ritchie, D. M.},
  year         = 1978,
  publisher    = {Prentice-Hall, Inc.},
  address      = {Upper Saddle River, NJ, USA},
  isbn         = {0-13-110163-3},
}
@book{claus1979graph,
  title        = {Graph-grammars and their application to computer science and biology},
  author       = {Claus, Volker and Ehrig, Hartmut and Rozenberg, Grzegorz},
  year         = 1979,
  publisher    = {Springer Science \& Business Media},
  volume       = 1,
}
@article{lovasz1993random,
  title        = {Random walks on graphs: A survey},
  author       = {Lov{\'a}sz, L{\'a}szl{\'o} and others},
  year         = 1993,
  journal      = {Combinatorics, Paul erdos is eighty},
}
@article{disco1997,
  title        = {Disco: Running commodity operating systems on scalable multiprocessors},
  author       = {Bugnion, Edouard and Devine, Scott and Govil, Kinshuk and Rosenblum, Mendel},
  year         = 1997,
  journal      = {ACM Transactions on Computer Systems (TOCS)},
  volume       = 15,
  number       = 4,
  pages        = {412--447},
}
@inproceedings{ko1997execution,
  title        = {Execution monitoring of security-critical programs in distributed systems: A specification-based approach},
  author       = {Ko, Calvin and Ruschitzka, Manfred and Levitt, Karl},
  year         = 1997,
  booktitle    = oakland,
}
@article{bunke1997relation,
  title        = {On a relation between graph edit distance and maximum common subgraph},
  author       = {Bunke, Horst},
  year         = 1997,
  journal      = {Pattern Recognition Letters},
  publisher    = {Elsevier},
  volume       = 18,
  number       = 8,
  pages        = {689--694},
}
@article{Hofmeyr:1998,
  title        = {Intrusion detection using sequences of system calls},
  author       = {Hofmeyr, Steven A and Forrest, Stephanie and Somayaji, Anil},
  year         = 1998,
  journal      = {Journal of computer security},
  publisher    = {IOS Press},
}
@article{barron1998minimum,
  title        = {The minimum description length principle in coding and modeling},
  author       = {Barron, Andrew and Rissanen, Jorma and Yu, Bin},
  year         = 1998,
  journal      = {IEEE Transactions on Information Theory},
  publisher    = {IEEE},
  volume       = 44,
  number       = 6,
  pages        = {2743--2760},
}
@inproceedings{lang1998results,
  title        = {Results of the abbadingo one DFA learning competition and a new evidence-driven state merging algorithm},
  author       = {Lang, Kevin J and Pearlmutter, Barak A and Price, Rodney A},
  year         = 1998,
  booktitle    = {International Colloquium on Grammatical Inference},
  pages        = {1--12},
  organization = {Springer},
}
@article{bunke1998graph,
  title        = {A graph distance metric based on the maximal common subgraph},
  author       = {Bunke, Horst and Shearer, Kim},
  year         = 1998,
  journal      = {Pattern recognition letters},
  publisher    = {Elsevier},
}
@inproceedings{Lee:1998,
  title        = {Data Mining Approaches for Intrusion Detection},
  author       = {Lee, Wenke and Stolfo, Salvatore J.},
  year         = 1998,
  booktitle    = security,
}
@book{kernighan1999practice,
  title        = {The practice of programming},
  author       = {Kernighan, Brian W and Pike, Rob},
  year         = 1999,
  publisher    = {Addison-Wesley Professional},
}
@article{Axelsson:2000,
  title        = {The base-rate fallacy and the difficulty of intrusion detection},
  author       = {Axelsson, Stefan},
  year         = 2000,
  journal      = {ACM Transactions on Information and System Security (TISSEC)},
}
@inproceedings{sekar2001fast,
  title        = {A fast automaton-based method for detecting anomalous program behaviors},
  author       = {Sekar, R and Bendre, Mugdha and Dhurjati, Dinakar and Bollineni, Pradeep},
  year         = 2001,
  booktitle    = oakland,
}
@inproceedings{valdes2001probabilistic,
  title        = {Probabilistic alert correlation},
  author       = {Valdes, Alfonso and Skinner, Keith},
  year         = 2001,
  booktitle    = {International Workshop on Recent Advances in Intrusion Detection},
  pages        = {54--68},
  organization = {Springer},
}
@inproceedings{debar2001aggregation,
  title        = {Aggregation and correlation of intrusion-detection alerts},
  author       = {Debar, Herv{\'e} and Wespi, Andreas},
  year         = 2001,
  booktitle    = {International Workshop on Recent Advances in Intrusion Detection},
  pages        = {85--103},
  organization = {Springer},
}
@inproceedings{fvw+2002,
  title        = {Chimera: AVirtual Data System for Representing, Querying, and Automating Data Derivation},
  author       = {Foster, Ian T. and V\"{o}ckler, Jens-S. and Wilde, Michael and Zhao, Yong},
  year         = 2002,
  booktitle    = {SSDBM},
}
@article{zhu2002learning,
  title        = {Learning from labeled and unlabeled data with label propagation},
  author       = {Xiaojin, Zhu and Zoubin, Ghahramani},
  year         = 2002,
  journal      = {Tech. Rep., Technical Report CMU-CALD-02--107, Carnegie Mellon University},
}
@book{barbara2002applications,
  title        = {Applications of data mining in computer security},
  author       = {Barbar{\'a}, Daniel and Jajodia, Sushil},
  year         = 2002,
  publisher    = {Springer Science \& Business Media},
}
@inproceedings{sekar2002specification,
  title        = {Specification-based anomaly detection: a new approach for detecting network intrusions},
  author       = {Sekar, Ramasubramanian and Gupta, Ajay and Frullo, James and Shanbhag, Tushar and Tiwari, Abhishek and Yang, Henglin and Zhou, Sheng},
  year         = 2002,
  booktitle    = ccs,
}
@inproceedings{sm2003,
  title        = {Recording and Reasoning over Data Provenance in Web and Grid Services},
  author       = {Martin Szomszor and Luc Moreau},
  year         = 2003,
  booktitle    = {ODBASE},
}
@inproceedings{king2003,
  title        = {Backtracking Intrusions},
  author       = {King, Samuel T. and Chen, Peter M.},
  year         = 2003,
  booktitle    = sosp,
}
@inproceedings{hu2003robust,
  title        = {Robust anomaly detection using support vector machines},
  author       = {Hu, Wenjie and Liao, Yihua and Vemuri, V Rao},
  year         = 2003,
  booktitle    = {ICML},
}
@article{slammer,
  title        = {Inside the Slammer Worm},
  author       = {Moore, David and Paxson, Vern and Savage, Stefan and Shannon, Colleen and Staniford, Stuart and Weaver, Nicholas},
  year         = 2003,
  journal      = oakland,
}
@inproceedings{kruegel2003anomaly,
  title        = {Anomaly detection of web-based attacks},
  author       = {Kruegel, Christopher and Vigna, Giovanni},
  year         = 2003,
  booktitle    = ccs,
}
@inproceedings{kruegel2003bayesian,
  title        = {Bayesian event classification for intrusion detection},
  author       = {Kruegel, Christopher and Mutz, Darren and Robertson, William and Valeur, Fredrik},
  year         = 2003,
  booktitle    = acsac,
}
@article{aguilera+project52003,
  title        = {Performance debugging for distributed systems of black boxes},
  author       = {Aguilera, Marcos K and Mogul, Jeffrey C and Wiener, Janet L and Reynolds, Patrick and Muthitacharoen, Athicha},
  year         = 2003,
  journal      = {ACM SIGOPS Operating Systems Review},
  volume       = 37,
  number       = 5,
}
@book{forensicbook,
  title        = {Forensic discovery},
  author       = {Farmer, Dan and Venema, Wietse},
  year         = 2004,
  publisher    = {Addison Wesley Professional},
}
@techreport{w2004,
  title        = {Trio: A system for integrated management of data, accuracy, and lineage},
  author       = {Widom, Jennifer},
  year         = 2004,
  institution  = {Stanford InfoLab},
}
@article{jez2004,
  title        = {Consistency analysis of authorization hook placement in the Linux security modules framework},
  author       = {Jaeger, Trent and Edwards, Antony and Zhang, Xiaolan},
  year         = 2004,
  journal      = {ACM Transactions on Information and System Security (TISSEC)},
  volume       = 7,
  number       = 2,
  pages        = {175--205},
}
@article{jonyer2004mdl,
  title        = {{MDL}-based context-free graph grammar induction and applications},
  author       = {Jonyer, Istvan and Holder, Lawrence B and Cook, Diane J},
  year         = 2004,
  journal      = {International Journal on Artificial Intelligence Tools},
  publisher    = {World Scientific},
  volume       = 13,
  pages        = {65--79},
}
@inproceedings{Chen:2004:PFE:1251175.1251198,
  title        = {Path-based Faliure and Evolution Management},
  author       = {Chen, Mike Y. and Accardi, Anthony and Kiciman, Emre and Lloyd, Jim and Patterson, Dave and Fox, Armando and Brewer, Eric},
  year         = 2004,
  booktitle    = nsdi,
}
@book{Kruegel:2004,
  title        = {Intrusion detection and correlation: challenges and solutions},
  author       = {Kruegel, Christopher and Valeur, Fredrik and Vigna, Giovanni},
  year         = 2004,
  publisher    = {Springer Science \& Business Media},
}
@inproceedings{chyssler2004alarm,
  title        = {Alarm Reduction and Correlation in Intrusion Detection Systems.},
  author       = {Chyssler, Tobias and Burschka, Stefan and Semling, Michael and Lingvall, Tomas and Burbeck, Kalle},
  year         = 2004,
  booktitle    = {DIMVA},
}
@inproceedings{noel2004correlating,
  title        = {Correlating intrusion events and building attack scenarios through attack graph distances},
  author       = {Noel, Steven and Robertson, Eric and Jajodia, Sushil},
  year         = 2004,
  booktitle    = acsac,
}
@inproceedings{cantrill+dtrace2004,
  title        = {Dynamic Instrumentation of Production Systems.},
  author       = {Cantrill, Bryan and Shapiro, Michael W and Leventhal, Adam H and others},
  year         = 2004,
  booktitle    = atc,
}
@inproceedings{barham+magpie2004,
  title        = {Using Magpie for Request Extraction and Workload Modelling.},
  author       = {Barham, Paul and Donnelly, Austin and Isaacs, Rebecca and Mortier, Richard},
  year         = 2004,
  booktitle    = osdi,
}
@inproceedings{ctv2005,
  title        = {{DBNotes}: A Post-it System for Relational Databases Based on Provenance},
  author       = {Chiticariu, Laura and Tan, Wang-Chiew and Vijayvargiya, Gaurav},
  year         = 2005,
  booktitle    = {ACM SIGMOD},
}
@article{epm+2005,
  title        = {Labels and event processes in the Asbestos operating system},
  author       = {Efstathopoulos, Petros and Krohn, Maxwell and VanDeBogart, Steve and Frey, Cliff and Ziegler, David and Kohler, Eddie and Mazieres, David and Kaashoek, Frans and Morris, Robert},
  year         = 2005,
  journal      = {ACM SIGOPS Operating Systems Review},
  volume       = 39,
  number       = 5,
  pages        = {17--30},
}
@inproceedings{gjj2005,
  title        = {Automatic Placement of Authorization Hooks in the Linux Security Modules Framework},
  author       = {Ganapathy, Vinod and Jaeger, Trent and Jha, Somesh},
  year         = 2005,
  booktitle    = ccs,
}
@inproceedings{king2005,
  title        = {Enriching Intrusion Alerts Through Multi-Host Causality.},
  author       = {King, Samuel T and Mao, Zhuoqing Morley and Lucchetti, Dominic G and Chen, Peter M},
  year         = 2005,
  booktitle    = ndss,
}
@inproceedings{Jin:2005:DFT,
  title        = {Discovering frequent topological structures from graph datasets},
  author       = {Jin, Ruoming and Wang, Chao and Polshakov, Dmitrii and Parthasarathy, Srinivasan and Agrawal, Gagan},
  year         = 2005,
  booktitle    = {ACM SIGKDD International Conference on Knowledge Discovery in Data Mining},
}
@article{Higuera2005,
  title        = {A bibliographical study of grammatical inference},
  author       = {Higuera, C De La},
  year         = 2005,
  journal      = {Pattern recognition},
}
@inproceedings{10.1007,
  title        = {Anomaly detection in computer security and an application to file system accesses},
  author       = {Stolfo, Salvatore J and Hershkop, Shlomo and Bui, Linh H and Ferster, Ryan and Wang, Ke},
  year         = 2005,
  booktitle    = {International Symposium on Methodologies for Intelligent Systems},
  organization = {Springer},
}
@phdthesis{qin2005probabilistic,
  title        = {A probabilistic-based framework for infosec alert correlation},
  author       = {Qin, Xinzhou},
  year         = 2005,
  school       = {Georgia Institute of Technology},
}
@inproceedings{zbk+2006,
  title        = {Making Information Flow Explicit in {H}i{S}tar},
  author       = {Zeldovich, Nickolai B. and Boyd-Wickizer, Silas and Kohler, Eddie and Mazi{\`e}res, David},
  year         = 2006,
  booktitle    = osdi,
}
@inproceedings{bgh+2006,
  title        = {Issues in Automatic Provenance Collection},
  author       = {Uri Braun and Simson L. Garfinkel and David A. Holland and Kiran-Kumar Muniswamy-Reddy and Margo I. Seltzer},
  year         = 2006,
  booktitle    = {International Provenance and Annotation Workshop},
  pages        = {171--183},
}
@incollection{abj2006,
  title        = {Provenance Collection Support in the Kepler Scientific Workflow System},
  author       = {Altintas, Ilkay and Barney, Oscar and Jaeger-Frank, Efrat},
  year         = 2006,
  booktitle    = {Provenance and Annotation of Data},
  publisher    = {Springer Berlin Heidelberg},
  volume       = 4145,
  pages        = {118--132},
}
@inproceedings{cfs+2006,
  title        = {{VisTrails}: Visualization Meets Data Management},
  author       = {Callahan, Steven P. and Freire, Juliana and Santos, Emanuele and Scheidegger, Carlos E. and Silva, Cl\'{a}udio T. and Vo, Huy T.},
  year         = 2006,
  booktitle    = {ACM SIGMOD},
}
@techreport{bs2006,
  title        = {A Security Model for Provenance},
  author       = {Uri Braun and Avi Shinnar},
  year         = 2006,
  number       = {TR-04-06},
  institution  = {Harvard University Computer Science Group},
}
@inproceedings{xen2006,
  title        = {Enforcing Performance Isolation Across Virtual Machines in Xen},
  author       = {Gupta, Diwaker and Cherkasova, Ludmila and Gardner, Rob and Vahdat, Amin},
  year         = 2006,
  booktitle    = {Middleware},
}
@article{adams2006comparison,
  title        = {A comparison of software and hardware techniques for x86 virtualization},
  author       = {Adams, Keith and Agesen, Ole},
  year         = 2006,
  journal      = {ACM SIGOPS Operating Systems Review},
  publisher    = {ACM},
  volume       = 40,
  number       = 5,
  pages        = {2--13},
}
@inproceedings{Adriaans2006,
  title        = {Using {MDL} for grammar induction},
  author       = {Adriaans, Pieter and Jacobs, Ceriel},
  year         = 2006,
  booktitle    = {International Colloquium on Grammatical Inference},
  pages        = {293--306},
  organization = {Springer},
}
@article{doi:10.1142/S0218213006003028,
  title        = {ON THE LEARNING OF SYSTEM CALL ATTRIBUTES FOR HOST-BASED ANOMALY DETECTION},
  author       = {Tandon, Gaurav and Chan, Philip K.},
  year         = 2006,
  journal      = {International Journal on Artificial Intelligence Tools},
}
@inproceedings{1648825,
  title        = {Provenance-Aware Tracing of Worm Break-in and Contaminations: A Process Coloring Approach},
  author       = {Xuxian Jiang and A. Walters and Dongyan Xu and E. H. Spafford and F. Buchholz and Yi-Min Wang},
  year         = 2006,
  booktitle    = {ICDCS},
}
@inproceedings{gl2007,
  title        = {Bonsai: Balanced Lineage Authentication},
  author       = {Gehani, A. and Lindqvist, U.},
  year         = 2007,
  booktitle    = acsac,
}
@inproceedings{kyb+2007,
  title        = {{Information Flow Control for Standard OS Abstractions}},
  author       = {Krohn, Maxwell and Yip, Alexander and Brodsky, Micah and Cliffer, Natan and Kaashoek, M. Frans and Kohler, Eddie and Morris, Robert},
  year         = 2007,
  booktitle    = sosp,
}
@inproceedings{soltesz2007,
  title        = {Container-based operating system virtualization: a scalable, high-performance alternative to hypervisors},
  author       = {Soltesz, Stephen and P{\"o}tzl, Herbert and Fiuczynski, Marc E and Bavier, Andy and Peterson, Larry},
  year         = 2007,
  booktitle    = {ACM SIGOPS Operating Systems Review},
  volume       = 41,
  number       = 3,
  pages        = {275--287},
  organization = {ACM},
}
@book{grunwald2007minimum,
  title        = {The minimum description length principle},
  author       = {Gr{\"u}nwald, Peter D},
  year         = 2007,
  publisher    = {MIT press},
}
@inbook{Riesen2007,
  title        = {Bipartite Graph Matching for Computing the Edit Distance of Graphs},
  author       = {Riesen, Kaspar and Neuhaus, Michel and Bunke, Horst},
  year         = 2007,
  booktitle    = {Graph-Based Representations in Pattern Recognition: 6th IAPR-TC-15 International Workshop, GbRPR 2007, Alicante, Spain, June 11-13, 2007. Proceedings},
  publisher    = {Springer Berlin Heidelberg},
  pages        = {1--12},
}
@inproceedings{kloft2007poisoning,
  title        = {A poisoning attack against online anomaly detection},
  author       = {Kloft, Marius and Laskov, Pavel},
  year         = 2007,
  booktitle    = {NIPS Workshop on Machine Learning in Adversarial Environments for Computer Security},
}
@inproceedings{cova2007swaddler,
  title        = {Swaddler: An approach for the anomaly-based detection of state violations in web applications},
  author       = {Cova, Marco and Balzarotti, Davide and Felmetsger, Viktoria and Vigna, Giovanni},
  year         = 2007,
  booktitle    = {International Workshop on Recent Advances in Intrusion Detection},
  pages        = {63--86},
  organization = {Springer},
}
@inproceedings{fonseca+xtrace2007,
  title        = {X-trace: A pervasive network tracing framework},
  author       = {Fonseca, Rodrigo and Porter, George and Katz, Randy H and Shenker, Scott and Stoica, Ion},
  year         = 2007,
  booktitle    = nsdi,
}
@inproceedings{am2008,
  title        = {Provenance-based Auditing of Private Data Use},
  author       = {Aldeco-P{\'e}rez, Roc\'{\i}o and Moreau, Luc},
  year         = 2008,
  booktitle    = {VoCS},
}
@inproceedings{cjr2008,
  title        = {Efficient Provenance Storage},
  author       = {Adriane Chapman and H.V. Jagadish and Prakash Ramanan},
  year         = 2008,
  booktitle    = {ACM SIGMOD},
}
@inproceedings{hbm+2008,
  title        = {Choosing a Data Model and Query Language for Provenance},
  author       = {Holland, David A. and Bruan, Uri and Maclean, Diana and Muniswamy-Reddy, Kiran-Kumar and Seltzer, Margo I.},
  year         = 2008,
  booktitle    = {IPAW},
}
@inproceedings{zbm2008,
  title        = {Securing Distributed Systems with Information Flow Control},
  author       = {Zeldovich, Nickolai and Boyd-Wickizer, Silas and Mazi\`{e}res, David},
  year         = 2008,
  booktitle    = nsdi,
}
@inproceedings{ssp2008,
  title        = {Efficient Fine-grained Binary Instrumentationwith Applications to Taint-tracking},
  author       = {Saxena, Prateek and Sekar, R and Puranik, Varun},
  year         = 2008,
  booktitle    = {CGO},
  publisher    = {ACM},
  pages        = {74--83},
}
@inproceedings{bss2008,
  title        = {{Securing Provenance}},
  author       = {Braun, Uri and Shinnar, Avraham and Seltzer, Margo},
  year         = 2008,
  booktitle    = {Proceedings of the 3rd USENIX Workshop on Hot Topics in Security (HotSec)},
}
@article{wang2008graph,
  title        = {A graph based approach toward network forensics analysis},
  author       = {Wang, Wei and Daniels, Thomas E},
  year         = 2008,
  journal      = {ACM Transactions on Information and System Security (TISSEC)},
}
@inproceedings{gkz2009,
  title        = {Steps Toward Managing Lineage Metadata in Grid Clusters},
  author       = {Gehani, Ashish and Kim, Minyoung and Zhang, Jian},
  year         = 2009,
  booktitle    = tapp,
}
@inproceedings{ga2009,
  title        = {{Perm: Processing Provenance and Data on the Same Data Model Through Query Rewriting}},
  author       = {Glavic, Boris and Alonso, Gustavo},
  year         = 2009,
  booktitle    = {ICDE},
}
@inproceedings{hsw2009,
  title        = {{The Case of the Fake Picasso: Preventing History Forgery with Secure Provenance}},
  author       = {Hasan, Ragib and Sion, Radu and Winslett, Marianne},
  year         = 2009,
  booktitle    = fast,
}
@inproceedings{kt2009,
  title        = {Noninterference for a Practical DIFC-Based Operating System},
  author       = {Krohn, M. and Tromer, E.},
  year         = 2009,
  booktitle    = oakland,
  pages        = {61--76},
}
@inproceedings{mkb+2009,
  title        = {Layering in provenance systems},
  author       = {Muniswamy-Reddy, Kiran-Kumar and Braun, Uri and Holland, David A. and Macko, Peter and Maclean, Diana and Margo, Daniel and Seltzer, Margo and Smogor, Robin},
  year         = 2009,
  booktitle    = atc,
}
@inproceedings{nxb+09,
  title        = {An Access Control Language for a General Provenance Model},
  author       = {Ni, Qun and Xu, Shouhuai and Elisa Bertino and Ravi Sandhu and Weili Han},
  year         = 2009,
  booktitle    = {Secure Data Management},
}
@inproceedings{hsw2009a,
  title        = {{{SPROV} 2.0: A {Highly-Confgurable} {Platform-Independent} Library for Secure Provenance}},
  author       = {Ragib Hasan and Radu Sion and Marianne Winslett},
  year         = 2009,
  booktitle    = ccs,
}
@article{hsw2009b,
  title        = {Preventing History Forgery with Secure Provenance},
  author       = {Hasan, Ragib and Sion, Radu and Winslett, Marianne},
  year         = 2009,
  journal      = {Trans. Storage},
  publisher    = {ACM},
}
@inproceedings{ssy+2009,
  title        = {{Story Book}: An Efficient Extensible Provenance Framework},
  author       = {Spillane, R. and Sears, R. and Yalamanchili, C. and Gaikwad, S. and Chinni, M. and Zadok, E.},
  year         = 2009,
  booktitle    = tapp,
}
@inproceedings{Dalton-sec09,
  title        = {Nemesis: Preventing Authentication \& Access Control Vulnerabilities in Web Applications},
  author       = {Dalton, Michael and Kozyrakis, Christos and Zeldovich, Nickolai},
  year         = 2009,
  booktitle    = {SSYM},
  publisher    = {USENIX Association},
}
@inproceedings{morris2009svirt,
  title        = {{sVirt}: Hardening Linux virtualization with mandatory access control},
  author       = {Morris, James},
  year         = 2009,
  booktitle    = {Linux. conf. au Conference},
}
@inproceedings{5367701,
  title        = {Using a Fuzzy Inference System to Reduce False Positives in Intrusion Detection},
  author       = {G. P. Spathoulas and S. K. Katsikas},
  year         = 2009,
  booktitle    = {International Conference on Systems, Signals and Image Processing},
}
@article{Chandola:2009,
  title        = {Anomaly Detection: A Survey},
  author       = {Chandola, Varun and Banerjee, Arindam and Kumar, Vipin},
  year         = 2009,
  journal      = {ACM Comput. Surv.},
}
@article{garcia2009anomaly,
  title        = {Anomaly-based network intrusion detection: Techniques, systems and challenges},
  author       = {Garcia-Teodoro, Pedro and Diaz-Verdejo, Jesus and Maci{\'a}-Fern{\'a}ndez, Gabriel and V{\'a}zquez, Enrique},
  year         = 2009,
  journal      = {computers \& security},
  publisher    = {Elsevier},
  volume       = 28,
  number       = {1-2},
  pages        = {18--28},
}
@inproceedings{xu+mining2009,
  title        = {Detecting large-scale system problems by mining console logs},
  author       = {Xu, Wei and Huang, Ling and Fox, Armando and Patterson, David and Jordan, Michael I},
  year         = 2009,
  booktitle    = sosp,
  organization = {ACM},
}
@inproceedings{fu2009execution,
  title        = {Execution anomaly detection in distributed systems through unstructured log analysis},
  author       = {Fu, Qiang and Lou, Jian-Guang and Wang, Yi and Li, Jiang},
  year         = 2009,
  booktitle    = {ICDM},
  organization = {IEEE},
}
@techreport{syslogrfc:2009,
  title        = {The syslog protocol},
  author       = {R. Gerhards},
  year         = 2009,
  publisher    = {IETF},
  number       = 5424,
  howpublished = {Internet Requests for Comments},
  type         = {RFC},
}
@inproceedings{egc+2010,
  title        = {{TaintDroid}: An Information-flow Tracking System for Realtime Privacy Monitoring on Smartphones},
  author       = {Enck, William and Gilbert, Peter and Chun, Byung-Gon and Cox, Landon P. and Jung, Jaeyeon and McDaniel, Patrick and Sheth, Anmol N.},
  year         = 2010,
  booktitle    = osdi,
}
@inproceedings{gbm+2010,
  title        = {Fine-grained Tracking of Grid Infections},
  author       = {Gehani, A. and Baig, B. and Mahmood, S. and Tariq, D. and Zaffar, F.},
  year         = 2010,
  booktitle    = {GRID},
}
@inproceedings{gk2010,
  title        = {Mendel: Efficiently Verifying the Lineage of Data Modified in Multiple Trust Domains},
  author       = {Gehani, Ashish and Kim, Minyoung},
  year         = 2010,
  booktitle    = {HPDC},
}
@inproceedings{lm2010,
  title        = {Trusted Computing and Provenance: Better Together},
  author       = {Lyle, John and Martin, Andrew},
  year         = 2010,
  booktitle    = tapp,
}
@article{mks2010,
  title        = {Provenance As First Class Cloud Data},
  author       = {Muniswamy-Reddy, Kiran-Kumar and Seltzer, Margo},
  year         = 2010,
  journal      = {SIGOPS Oper. Syst. Rev.},
  publisher    = {ACM},
  volume       = 43,
  number       = 4,
  pages        = {11--16},
  url          = {http://doi.acm.org/10.1145/1713254.1713258},
  issue_date   = {January 2010},
  numpages     = 6,
  acmid        = 1713258,
}
@article{hrs+2010,
  title        = {A Logical Specification and Analysis for SELinux MLS Policy},
  author       = {Hicks, Boniface and Rueda, Sandra and St.Clair, Luke and Jaeger, Trent and McDaniel, Patrick},
  year         = 2010,
  journal      = {ACM Trans. Inf. Syst. Secur.},
  publisher    = {ACM},
  volume       = 13,
  number       = 3,
  pages        = {26:1--26:31},
  url          = {http://doi.acm.org/10.1145/1805874.1805982},
  issue_date   = {July 2010},
  articleno    = 26,
  numpages     = 31,
  acmid        = 1805982,
}
@inproceedings{mbm+2010,
  title        = {Towards a Secure and Efficient System for End-to-End Provenance},
  author       = {McDaniel, P. and Butler, K. and McLaughlin, S. and Sion, R. and Zadok, E. and Winslett, M.},
  year         = 2010,
  booktitle    = tapp,
}
@inproceedings{hrk+2010,
  title        = {An Architecture for Enforcing End-to-end Access Control over Web Applications},
  author       = {Hicks, Boniface and Rueda, Sandra and King, Dave and Moyer, Thomas and Schiffman, Joshua and Sreenivasan, Yogesh and McDaniel, Patrick and Jaeger, Trent},
  year         = 2010,
  booktitle    = {Proceedings of the 15th ACM Symposium on Access Control Models and Technologies},
  publisher    = {ACM},
  pages        = {163--172},
  isbn         = {978-1-4503-0049-0},
  url          = {http://doi.acm.org/10.1145/1809842.1809870},
  numpages     = 10,
  acmid        = 1809870,
}
@incollection{ays2010,
  title        = {StarFlow: A Script-Centric Data Analysis Environment},
  author       = {Angelino, Elaine and Yamins, Daniel and Seltzer, Margo},
  year         = 2010,
  booktitle    = {Provenance and Annotation of Data and Processes},
  publisher    = {Springer Berlin Heidelberg},
  volume       = 6378,
  pages        = {236--250},
  isbn         = {978-3-642-17818-4},
  url          = {http://dx.doi.org/10.1007/978-3-642-17819-1_27},
  editor       = {McGuinness, DeborahL. and Michaelis, JamesR. and Moreau, Luc},
}
@inproceedings{kim2010,
  title        = {Intrusion Recovery Using Selective Re-execution},
  author       = {Kim, Taesoo and Wang, Xi and Zeldovich, Nickolai and Kaashoek, M. Frans},
  year         = 2010,
  booktitle    = osdi,
}
@article{5383371,
  title        = {Program Behavior Discovery and Verification: A Graph Grammar Approach},
  author       = {C. Zhao and J. Kong and K. Zhang},
  year         = 2010,
  journal      = {IEEE Transactions on Software Engineering},
  volume       = 36,
  number       = 3,
  pages        = {431--448},
}
@book{de2010grammatical,
  title        = {Grammatical inference: learning automata and grammars},
  author       = {De la Higuera, Colin},
  year         = 2010,
  publisher    = {Cambridge University Press},
}
@inproceedings{5504793,
  title        = {Outside the Closed World: On Using Machine Learning for Network Intrusion Detection},
  author       = {R. Sommer and V. Paxson},
  year         = 2010,
  booktitle    = oakland,
}
@inproceedings{malewicz2010pregel,
  title        = {Pregel: a system for large-scale graph processing},
  author       = {Malewicz, Grzegorz and Austern, Matthew H and Bik, Aart JC and Dehnert, James C and Horn, Ilan and Leiser, Naty and Czajkowski, Grzegorz},
  year         = 2010,
  booktitle    = {ACM SIGMOD},
}
@inproceedings{zhou2010efficient,
  title        = {Efficient querying and maintenance of network provenance at internet-scale},
  author       = {Zhou, Wenchao and Sherr, Micah and Tao, Tao and Li, Xiaozhou and Loo, Boon Thau and Mao, Yun},
  year         = 2010,
  booktitle    = {ACM SIGMOD},
}
@inproceedings{yuan+sherlog2010,
  title        = {{SherLog}: Error diagnosis by connecting clues from run-time logs},
  author       = {Yuan, Ding and Mai, Haohui and Xiong, Weiwei and Tan, Lin and Zhou, Yuanyuan and Pasupathy, Shankar},
  year         = 2010,
  booktitle    = {ASPLOS},
  organization = {ACM},
}
@techreport{sigelman+dapper2010,
  title        = {Dapper, a large-scale distributed systems tracing infrastructure},
  author       = {Sigelman, Benjamin H and Barroso, Luiz Andre and Burrows, Mike and Stephenson, Pat and Plakal, Manoj and Beaver, Donald and Jaspan, Saul and Shanbhag, Chandan},
  year         = 2010,
  institution  = {Google, Inc},
}
@article{gm2011,
  title        = {Representing Distributed Systems Using the Open Provenance Model},
  author       = {Groth, Paul and Moreau, Luc},
  year         = 2011,
  journal      = {Future Gener. Comput. Syst.},
  publisher    = {Elsevier Science Publishers B. V.},
  volume       = 27,
  number       = 6,
  pages        = {757--765},
  url          = {http://dx.doi.org/10.1016/j.future.2010.10.001},
  issue_date   = {June, 2011},
  numpages     = 9,
  acmid        = 1967932,
}
@inproceedings{jsd+2011,
  title        = {Tracking Emigrant Data via Transient Provenance},
  author       = {Stephanie N. Jones and Christina R. Strong and Darrell D. E. Long and Ethan L. Miller},
  year         = 2011,
  booktitle    = tapp,
}
@article{mcf+2011,
  title        = {{The Open Provenance Model Core Specification (v1. 1)}},
  author       = {Moreau, Luc and Clifford, Ben and Freire, Juliana and Futrelle, Joe and Gil, Yolanda and Groth, Paul and Kwasnikowska, Natalia and Miles, Simon and Missier, Paolo and Myers, Jim and others},
  year         = 2011,
  journal      = {Future Generation Computer Systems},
  publisher    = {Elsevier},
  volume       = 27,
  number       = 6,
  pages        = {743--756},
}
@article{zjj+2011,
  title        = {{TaintEraser}: Protecting Sensitive Data Leaks Using Application-level Taint Tracking},
  author       = {Zhu, David (Yu) and Jung, Jaeyeon and Song, Dawn and Kohno, Tadayoshi and Wetherall, David},
  year         = 2011,
  journal      = {SIGOPS Oper. Syst. Rev.},
  publisher    = {ACM},
  volume       = 45,
  number       = 1,
  pages        = {142--154},
  url          = {http://doi.acm.org/10.1145/1945023.1945039},
  issue_date   = {January 2011},
  numpages     = 13,
  acmid        = 1945039,
}
@inproceedings{xkd+2011,
  title        = {Compressing Provenance Graphs},
  author       = {Xie, Yulai and Muniswamy-Reddy, Kiran-Kumar and Long, Darrell D. E.  and Amer, Ahmed  and Feng, Dan  and Tan, Zhipeng},
  year         = 2011,
  booktitle    = tapp,
}
@inproceedings{jsd+2011-integration,
  title        = {Provenance Integration Requires Reconciliation},
  author       = {Seltzer, Margo I. and Angelino, Elaine Lee and Braun, Uri Jacob and Holland, David A and Macko, Peter and Margo, Daniel Wyatt},
  year         = 2011,
  booktitle    = tapp,
}
@inproceedings{chandra2011,
  title        = {Intrusion Recovery for Database-backed Web Applications},
  author       = {Chandra, Ramesh and Kim, Taesoo and Shah, Meelap and Narula, Neha and Zeldovich, Nickolai},
  year         = 2011,
  booktitle    = sosp,
}
@inproceedings{zfn+2011,
  title        = {Secure Network Provenance},
  author       = {Wenchao Zhou and Qiong Fei and Arjun Narayan and Andreas Haeberlen and Boon Thau Loo and Micah Sherr},
  year         = 2011,
  booktitle    = sosp,
}
@inproceedings{burguera2011crowdroid,
  title        = {Crowdroid: behavior-based malware detection system for android},
  author       = {Burguera, Iker and Zurutuza, Urko and Nadjm-Tehrani, Simin},
  year         = 2011,
  booktitle    = {Proceedings of the 1st ACM workshop on Security and privacy in smartphones and mobile devices},
  pages        = {15--26},
  organization = {ACM},
}
@article{hutchins2011intelligence,
  title        = {Intelligence-driven computer network defense informed by analysis of adversary campaigns and intrusion kill chains},
  author       = {Hutchins, Eric M and Cloppert, Michael J and Amin, Rohan M},
  year         = 2011,
  journal      = {Leading Issues in Information Warfare \& Security Research},
  volume       = 1,
  number       = 1,
  pages        = 80,
}
@inproceedings{macko2011provenance,
  title        = {Provenance map orbiter: Interactive exploration of large provenance graphs.},
  author       = {Macko, Peter and Seltzer, Margo},
  year         = 2011,
  booktitle    = tapp,
}
@inproceedings{gt2012,
  title        = {{SPADE}: Support for provenance auditing in distributed environments},
  author       = {Gehani, Ashish and Tariq, Dawood},
  year         = 2012,
  booktitle    = {{ACM/IFIP/USENIX} International Conference on Distributed Systems Platforms and Open Distributed Processing},
}
@inproceedings{ms2012,
  title        = {{A General-purpose Provenance Library}},
  author       = {Macko, Peter and Seltzer, Margo},
  year         = 2012,
  booktitle    = tapp,
}
@inproceedings{pmm+2012,
  title        = {{Hi-Fi}: Collecting High-Fidelity Whole-System Provenance},
  author       = {Pohly, D.J. and McLaughlin, S. and McDaniel, P. and Butler, K.},
  year         = 2012,
  booktitle    = acsac,
}
@inproceedings{nps12,
  title        = {Dependency Path Patterns As the Foundation of Access Control in Provenance-aware Systems},
  author       = {Nguyen, Dang and Park, Jaehong and Sandhu, Ravi},
  year         = 2012,
  booktitle    = tapp,
}
@inproceedings{pds12,
  title        = {A Provenance-Based Access Control Model},
  author       = {Jaehong Park and Dang Nguyen and Sandhu, R.},
  year         = 2012,
  booktitle    = {PST},
  pages        = {137--144},
}
@inproceedings{xft+2012,
  title        = {A Hybrid Approach for Efficient Provenance Storage},
  author       = {Xie, Yulai and Feng, Dan and Tan, Zhipeng and Chen, Lei and Muniswamy-Reddy, Kiran-Kumar and Li, Yan and Long, Darrell D.E.},
  year         = 2012,
  booktitle    = {CIKM},
}
@inproceedings{fleming-icc12,
  title        = {Data Tethers: Preventing information leakage by enforcing environmental data access policies},
  author       = {Fleming, C. and Peterson, P. and Kline, E. and Reiher, P.},
  year         = 2012,
  booktitle    = icc,
  pages        = {835--840},
}
@article{Babic:2012:RMS,
  title        = {Recognizing Malicious Software Behaviors with Tree Automata Inference},
  author       = {Babi\'{c}, Domagoj and Reynaud, Daniel and Song, Dawn},
  year         = 2012,
  journal      = {Form. Methods Syst. Des.},
  publisher    = {Kluwer Academic Publishers},
  volume       = 41,
  number       = 1,
  pages        = {107--128},
  url          = {http://dx.doi.org/10.1007/s10703-012-0149-1},
  issue_date   = {August    2012},
  numpages     = 22,
  acmid        = 2339147,
}
@inproceedings{llvmtracer,
  title        = {Towards Automated Collection of Application-Level Data Provenance},
  author       = {Dawood Tariq and  Maisem Ali and Ashish Gehani},
  year         = 2012,
  booktitle    = tapp,
}
@inproceedings{uniprov,
  title        = {Towards a Universal Data Provenance Framework Using Dynamic Instrumentation},
  author       = {Gessiou, Eleni and Pappas, Vasilis and Athanasopoulos, Elias and Keromytis, Angelos D. and Ioannidis, Sotiris},
  year         = 2012,
  booktitle    = {Information Security and Privacy Research},
  publisher    = {Springer Berlin Heidelberg},
  editor       = {Gritzalis, Dimitris and Furnell, Steven and Theoharidou, Marianthi},
}
@inproceedings{ediger2012stinger,
  title        = {Stinger: High performance data structure for streaming graphs},
  author       = {Ediger, David and McColl, Rob and Riedy, Jason and Bader, David A},
  year         = 2012,
  booktitle    = {Conference on High Performance Extreme Computing},
  organization = {IEEE},
}
@article{zhou2012distributed,
  title        = {Distributed time-aware provenance},
  author       = {Zhou, Wenchao and Mapara, Suyog and Ren, Yiqing and Li, Yang and Haeberlen, Andreas and Ives, Zachary and Loo, Boon Thau and Sherr, Micah},
  year         = 2012,
  journal      = vldb,
}
@article{erlingsson+fay2012,
  title        = {Fay: Extensible Distributed Tracing from Kernels to Clusters},
  author       = {Erlingsson, \'{U}lfar and Peinado, Marcus and Peter, Simon and Budiu, Mihai and Mainar-Ruiz, Gloria},
  year         = 2012,
  journal      = {ACM Trans. Comput. Syst.},
  volume       = 30,
  issue_date   = {November 2012},
}
@article{logenhancer+yuan2012,
  title        = {Improving software diagnosability via log enhancement},
  author       = {Yuan, Ding and Zheng, Jing and Park, Soyeon and Zhou, Yuanyuan and Savage, Stefan},
  year         = 2012,
  journal      = {ACM TOCS},
  volume       = 30,
  number       = 1,
}
@article{oliner2012advances,
  title        = {Advances and challenges in log analysis},
  author       = {Oliner, Adam and Ganapathi, Archana and Xu, Wei},
  year         = 2012,
  journal      = {Communications of the ACM},
  publisher    = {ACM},
  volume       = 55,
  number       = 2,
}
@inproceedings{lzx2013,
  title        = {High accuracy attack provenance via binary-based execution partition},
  author       = {Lee, Kyu Hyung and Zhang, Xiangyu and Xu, Dongyan},
  year         = 2013,
  booktitle    = ndss,
}
@article{xmf+2013,
  title        = {Evaluation of a Hybrid Approach for Efficient Provenance Storage},
  author       = {Xie, Yulai and Muniswamy-Reddy, Kiran-Kumar and Feng, Dan and Li, Yan and Long, Darrell D. E.},
  year         = 2013,
  journal      = {Trans. Storage},
  publisher    = {ACM},
  volume       = 9,
  number       = 4,
  pages        = {14:1--14:29},
  url          = {http://doi.acm.org/10.1145/2501986},
  issue_date   = {November 2013},
  articleno    = 14,
  numpages     = 29,
  acmid        = 2501986,
}
@article{kgi+2013,
  title        = {Collaborative Data Sharing via Update Exchange and Provenance},
  author       = {Karvounarakis, Grigoris and Green, Todd J. and Ives, Zachary G. and Tannen, Val},
  year         = 2013,
  journal      = {ACM Trans. Database Syst.},
  publisher    = {ACM},
  volume       = 38,
  number       = 3,
  pages        = {19:1--19:42},
  url          = {http://doi.acm.org/10.1145/2500127},
  issue_date   = {August 2013},
  articleno    = 19,
  numpages     = 42,
  acmid        = 2500127,
}
@article{jiang2013survey,
  title        = {A survey of frequent subgraph mining algorithms},
  author       = {Jiang, Chuntao and Coenen, Frans and Zito, Michele},
  year         = 2013,
  journal      = {The Knowledge Engineering Review},
  publisher    = {Cambridge Univ Press},
  volume       = 28,
  number       = {01},
  pages        = {75--105},
}
@inproceedings{lee2013loggc,
  title        = {Log{GC}: Garbage collecting audit log},
  author       = {Kyu Hyung Lee and Xiangyu Zhang and Dongyan Xu},
  year         = 2013,
  booktitle    = ccs,
}
@inproceedings{Beehive2013,
  title        = {Beehive: Large-scale Log Analysis for Detecting Suspicious Activity in Enterprise Networks},
  author       = {Yen, Ting-Fang and Oprea, Alina and Onarlioglu, Kaan and Leetham, Todd and Robertson, William and Juels, Ari and Kirda, Engin},
  year         = 2013,
  booktitle    = acsac,
}
@inproceedings{bbh+2014,
  title        = {Let SDN Be Your Eyes: Secure Forensics in Data Center Networks},
  author       = {Adam Bates and Kevin Butler and Andreas Haeberlen and Micah Sherr and Wenchao Zhou},
  year         = 2014,
  booktitle    = {SENT},
}
@inproceedings{mdc2014_poster,
  title        = {{Poster: Integrity-Protected Data for Assured Missions [IPDAM]}},
  author       = {Moyer, Thomas and Diewald, Jeffrey and Cooley, Joseph},
  year         = 2014,
  booktitle    = {Cyber and Netcentric Workshop},
}
@techreport{mdc2014,
  title        = {{Using Provenance To Expedite MAC Policies (UPTEMPO) (Previously Known as IPDAM)}},
  author       = {Jeffrey Seibert and George Baah and Jeffrey Diewald and Robert Cunningham},
  year         = 2014,
  number       = {USTC-PM-015},
  institution  = {MIT Lincoln Laboratory},
}
@inproceedings{sbl+2014,
  title        = {Pebbles: Fine-Grained Data Management Abstractions for Modern Operating Systems},
  author       = {Spahn, Riley and Bell, Jonathan and Lee, Michael Z. and Bhamidipati, Sravan and Geambasu, Roxana and Kaiser, Gail},
  year         = 2014,
  booktitle    = osdi,
}
@article{cab+2014,
  title        = {A Primer on Provenance},
  author       = {Carata, Lucian and Akoush, Sherif and Balakrishnan, Nikilesh and Bytheway, Thomas and Sohan, Ripduman and Seltzer, Margo and Hopper, Andy},
  year         = 2014,
  journal      = {Communications of the ACM},
}
@article{agr+2014,
  title        = {A Generic Provenance Middleware for Database Queries, Updates, and Transactions},
  author       = {Arab, B and Gawlick, Dieter and Radhakrishnan, Venkatesh and Guo, Hao and Glavic, Boris},
  year         = 2014,
  booktitle    = tapp,
}
@inproceedings{costin2014large,
  title        = {A Large-Scale Analysis of the Security of Embedded Firmwares},
  author       = {Costin, A and Zaddach, J and Francillon, A and Balzarotti, D},
  year         = 2014,
  booktitle    = security,
}
@inproceedings{khorasani2014cusha,
  title        = {{CuSha}: vertex-centric graph processing on GPUs},
  author       = {Khorasani, Farzad and Vora, Keval and Gupta, Rajiv and Bhuyan, Laxmi N},
  year         = 2014,
  booktitle    = {Proceedings of the 23rd international symposium on High-performance parallel and distributed computing},
}
@inproceedings{lim2014mica,
  title        = {{MICA}: A holistic approach to fast in-memory key-value storage},
  author       = {Lim, Hyeontaek and Han, Donsu and Andersen, David G and Kaminsky, Michael},
  year         = 2014,
  booktitle    = nsdi,
}
@article{wu2014diagnosing,
  title        = {Diagnosing missing events in distributed systems with negative provenance},
  author       = {Wu, Yang and Zhao, Mingchen and Haeberlen, Andreas and Zhou, Wenchao and Loo, Boon Thau},
  year         = 2014,
  journal      = {ACM SIGCOMM Computer Communication Review},
}
@inproceedings{zhao+lprof2014,
  title        = {lprof: A non-intrusive request flow profiler for distributed systems},
  author       = {Xu Zhao and Yongle Zhang and David Lion and Muhammad Faizan Ullah and Yu Luo and Ding Yuan and Michael Stumm},
  year         = 2014,
  booktitle    = osdi,
}
@inproceedings{fu2014developers,
  title        = {Where do developers log? An empirical study on logging practices in industry},
  author       = {Fu, Qiang and Zhu, Jieming and Hu, Wenlu and Lou, Jian-Guang and Ding, Rui and Lin, Qingwei and Zhang, Dongmei and Xie, Tao},
  year         = 2014,
  booktitle    = {ICSE Companion},
  organization = {ACM},
}
@inproceedings{bbm2015,
  title        = {Take Only What You Need: Leveraging Mandatory Access Control Policy to Reduce Provenance Storage Costs},
  author       = {Bates, Adam and Butler, Kevin RB and Moyer, Thomas},
  year         = 2015,
  booktitle    = tapp,
}
@inproceedings{gc2015,
  title        = {Provenance Tipping Point},
  author       = {Gammack, David and Chapman, Adriane},
  year         = 2015,
  booktitle    = tapp,
}
@inproceedings{lpm2015,
  title        = {Trustworthy whole-system provenance for the linux kernel},
  author       = {Bates, Adam and Tian, Dave Jing and Butler, Kevin RB and Moyer, Thomas},
  year         = 2015,
  booktitle    = security,
}
@inproceedings{chen2015,
  title        = {Differential Provenance: Better Network Diagnostics with Reference Events},
  author       = {Chen, Ang and Wu, Yang and Haeberlen, Andreas and Zhou, Wenchao and Loo, Boon Thau},
  year         = 2015,
  booktitle    = {Proceedings of the 14th ACM Workshop on Hot Topics in Networks},
  publisher    = {ACM},
  pages        = {25:1--25:7},
  isbn         = {978-1-4503-4047-2},
  url          = {http://doi.acm.org/10.1145/2834050.2834111},
  articleno    = 25,
  numpages     = 7,
  acmid        = 2834111,
}
@inproceedings{zeng2015linux,
  title        = {Linux auditing: overhead and adaptation},
  author       = {Zeng, Lei and Xiao, Yang and Chen, Hui},
  year         = 2015,
  booktitle    = icc,
}
@inproceedings{dtracker,
  title        = {Looking Inside the Black-Box: Capturing Data Provenance Using Dynamic Instrumentation},
  author       = {Stamatogiannakis, Manolis and Groth, Paul and Bos, Herbert},
  year         = 2015,
  booktitle    = {IPAW},
  publisher    = {Springer-Verlag New York, Inc.},
}
@inproceedings{ma2015accurate,
  title        = {Accurate, low cost and instrumentation-free security audit logging for {Windows}},
  author       = {Ma, Shiqing and Lee, Kyu Hyung and Kim, Chung Hwan and Rhee, Junghwan and Zhang, Xiangyu and Xu, Dongyan},
  year         = 2015,
  booktitle    = acsac,
}
@article{Akoglu:2015,
  title        = {Graph Based Anomaly Detection and Description: A Survey},
  author       = {Akoglu, Leman and Tong, Hanghang and Koutra, Danai},
  year         = 2015,
  journal      = {Data Min. Knowl. Discov.},
}
@article{wu2015network,
  title        = {Network intrusion detection based on a general regression neural network optimized by an improved artificial immune algorithm},
  author       = {Wu, Jianfa and Peng, Dahao and Li, Zhuping and Zhao, Li and Ling, Huanzhang},
  year         = 2015,
  journal      = {PloS one},
}
@article{ben2015effects,
  title        = {Effects of cyber security knowledge on attack detection},
  author       = {Ben-Asher, Noam and Gonzalez, Cleotilde},
  year         = 2015,
  journal      = {Computers in Human Behavior},
}
@article{ousterhout2015ramcloud,
  title        = {The RAMCloud storage system},
  author       = {Ousterhout, John and Gopalan, Arjun and Gupta, Ashish and Kejriwal, Ankita and Lee, Collin and Montazeri, Behnam and Ongaro, Diego and Park, Seo Jin and Qin, Henry and Rosenblum, Mendel and others},
  year         = 2015,
  journal      = {ACM Transactions on Computer Systems (TOCS)},
  volume       = 33,
  number       = 3,
  pages        = 7,
}
@article{miller2015remote,
  title        = {Remote exploitation of an unaltered passenger vehicle},
  author       = {Miller, Charlie and Valasek, Chris},
  year         = 2015,
}
@inproceedings{mace+pivottracing2015,
  title        = {{Pivot Tracing}: Dynamic causal monitoring for distributed systems},
  author       = {Mace, Jonathan and Roelke, Ryan and Fonseca, Rodrigo},
  year         = 2015,
  booktitle    = sosp,
}
@inproceedings{logadvisor+zhu2015,
  title        = {{Learning to Log}: Helping Developers Make Informed Logging Decisions},
  author       = {J. Zhu and P. He and Q. Fu and H. Zhang and M. R. Lyu and D. Zhang},
  year         = 2015,
  booktitle    = icse,
}
@inproceedings{Pecchia:2015,
  title        = {Industry Practices and Event Logging: Assessment of a Critical Software Development Process},
  author       = {Pecchia, Antonio and Cinque, Marcello and Carrozza, Gabriella and Cotroneo, Domenico},
  year         = 2015,
  booktitle    = icse,
}
@inproceedings{ding2015log2,
  title        = {Log2: A cost-aware logging mechanism for performance diagnosis},
  author       = {Ding, Rui and Zhou, Hucheng and Lou, Jian-Guang and Zhang, Hongyu and Lin, Qingwei and Fu, Qiang and Zhang, Dongmei and Xie, Tao},
  year         = 2015,
  booktitle    = atc,
}
@inproceedings{mzx2016,
  title        = {{ProTracer}: Towards practical provenance tracing by alternating between logging and tainting},
  author       = {Ma, Shiqing and Zhang, Xiangyu and Xu, Dongyan},
  year         = 2016,
  booktitle    = ndss,
}
@inproceedings{sta+2016,
  title        = {Trade-Offs in Automatic Provenance Capture},
  author       = {Stamatogiannakis, Manolis and Kazmi, Hasanat and Sharif, Hashim and Vermeulen, Remco and Gehani, Ashish and Bos, Herbert and Groth, Paul},
  year         = 2016,
  booktitle    = {IPAW},
}
@inproceedings{Sharma2016cvm,
  title        = {Containers and Virtual Machines at Scale: A Comparative Study},
  author       = {Sharma, Prateek and Chaufournier, Lucas and Shenoy, Prashant and Tay, Y. C.},
  year         = 2016,
  booktitle    = {International Middleware Conference},
  publisher    = {ACM},
}
@article{peinl2016docker,
  title        = {Docker cluster management for the cloud-survey results and own solution},
  author       = {Peinl, Ren{\'e} and Holzschuher, Florian and Pfitzer, Florian},
  year         = 2016,
  journal      = {Journal of Grid Computing},
  publisher    = {Springer},
  volume       = 14,
  number       = 2,
  pages        = {265--282},
}
@book{wieczorek2016grammatical,
  title        = {Grammatical Inference: Algorithms, Routines and Applications},
  author       = {Wieczorek, Wojciech},
  year         = 2016,
  publisher    = {Springer},
  volume       = 673,
}
@inproceedings{Gehani:2016:SSB,
  title        = {Scaling {SPADE} to {"Big Provenance"}},
  author       = {Gehani, Ashish and Kazmi, Hasanat and Irshad, Hassaan},
  year         = 2016,
  booktitle    = tapp,
}
@inproceedings{pgs+2016,
  title        = {{HERCULE}: Attack Story Reconstruction via Community Discovery on Correlated Log Graph},
  author       = {Pei, Kexin and Gu, Zhongshu and Saltaformaggio, Brendan and Ma, Shiqing and Wang, Fei and Zhang, Zhiwei and Si, Luo and Zhang, Xiangyu and Xu, Dongyan},
  year         = 2016,
  booktitle    = acsac,
}
@inproceedings{Xu:2016,
  title        = {High Fidelity Data Reduction for Big Data Security Dependency Analyses},
  author       = {Xu, Zhang and Wu, Zhenyu and Li, Zhichun and Jee, Kangkook and Rhee, Junghwan and Xiao, Xusheng and Xu, Fengyuan and Wang, Haining and Jiang, Guofei},
  year         = 2016,
  booktitle    = ccs,
}
@inproceedings{chen2016good,
  title        = {The good, the bad, and the differences: Better network diagnostics with differential provenance},
  author       = {Chen, Ang and Wu, Yang and Haeberlen, Andreas and Zhou, Wenchao and Loo, Boon Thau},
  year         = 2016,
  booktitle    = {{ACM SIGCOMM}},
}
@inproceedings{Chen:2016,
  title        = {Entity Embedding-based Anomaly Detection for Heterogeneous Categorical Events},
  author       = {Chen, Ting and Tang, Lu-An and Sun, Yizhou and Chen, Zhengzhang and Zhang, Kai},
  year         = 2016,
  booktitle    = {IJCAI},
}
@inproceedings{laszka2016multi,
  title        = {Multi-Defender Strategic Filtering Against Spear-Phishing Attacks.},
  author       = {Laszka, Aron and Lou, Jian and Vorobeychik, Yevgeniy},
  year         = 2016,
  booktitle    = aaai,
}
@inproceedings{kharraz2016unveil,
  title        = {{UNVEIL}: A Large-Scale, Automated Approach to Detecting Ransomware.},
  author       = {Kharraz, Amin and Arshad, Sajjad and Mulliner, Collin and Robertson, William K and Kirda, Engin},
  year         = 2016,
  booktitle    = security,
}
@inproceedings{7502316,
  title        = {Automate Cybersecurity Data Triage by Leveraging Human Analysts' Cognitive Process},
  author       = {C. Zhong and J. Yen and P. Liu and R. F. Erbacher},
  year         = 2016,
  booktitle    = {IEEE BigDataSecurity},
}
@inproceedings{Nguyen:2016,
  title        = {Yak: A High-performance Big-data-friendly Garbage Collector},
  author       = {Nguyen, Khanh and Fang, Lu and Xu, Guoqing and Demsky, Brian and Lu, Shan and Alamian, Sanazsadat and Mutlu, Onur},
  year         = 2016,
  booktitle    = osdi,
}
@inproceedings{7774521,
  title        = {Experience report: System log analysis for anomaly detection},
  author       = {He, Shilin and Zhu, Jieming and He, Pinjia and Lyu, Michael R},
  year         = 2016,
  booktitle    = {IEEE International Symposium on Software Reliability Engineering (ISSRE)},
}
@inproceedings{zhao+stitch2016,
  title        = {Non-Intrusive Performance Profiling for Entire Software Stacks Based on the Flow Reconstruction Principle.},
  author       = {Zhao, Xu and Rodrigues, Kirk and Luo, Yu and Yuan, Ding and Stumm, Michael},
  year         = 2016,
  booktitle    = osdi,
}
@inproceedings{shoshitaishvili2016state,
  title        = {{SoK: (State of) The Art of War: Offensive techniques in binary analysis}},
  author       = {Shoshitaishvili, Yan and Wang, Ruoyu and Salls, Christopher and Stephens, Nick and Polino, Mario and Dutcher, Audrey and Grosen, John and Feng, Siji and Hauser, Christophe and Kruegel, Christopher and Vigna, Giovanni},
  year         = 2016,
  booktitle    = oakland,
}
@article{yu2016cloudseer,
  title        = {Cloudseer: Workflow monitoring of cloud infrastructures via interleaved logs},
  author       = {Yu, Xiao and Joshi, Pallavi and Xu, Jianwu and Jin, Guoliang and Zhang, Hui and Jiang, Guofei},
  year         = 2016,
  journal      = {ACM SIGOPS Operating Systems Review},
  publisher    = {ACM},
  volume       = 50,
  number       = 2,
}
@inproceedings{wu-2017-metaprovenance,
  title        = {Automated Network Repair with Meta Provenance},
  author       = {Yang Wu and Ang Chen and Andreas Haeberlen and Wenchao Zhou and Boon Thau Loo},
  year         = 2017,
  booktitle    = nsdi,
}
@inproceedings{chen-2017-provenance,
  title        = {Data Provenance at Internet Scale: Architecture, Experiences, and the Road Ahead},
  author       = {Ang Chen and Yang Wu and Andreas Haeberlen and Boon Thau Loo and Wenchao Zhou},
  year         = 2017,
  booktitle    = {CIDR},
}
@inproceedings{mpi+ma,
  title        = {{MPI}: Multiple Perspective Attack Investigation with Semantic Aware Execution Partitioning},
  author       = {Shiqing Ma and Juan Zhai and Fei Wang and Kyu Hyung Lee and Xiangyu Zhang and Dongyan Xu},
  year         = 2017,
  booktitle    = security,
}
@inproceedings{bates2017transparent,
  title        = {Transparent web service auditing via network provenance functions},
  author       = {Bates, Adam and Hassan, Wajih Ul and Butler, Kevin and Dobra, Alin and Reaves, Bradley and Cable, Patrick and Moyer, Thomas and Schear, Nabil},
  year         = 2017,
  booktitle    = www,
}
@inproceedings{hossain2017sleuth,
  title        = {{SLEUTH}: Real-time attack scenario reconstruction from {COTS} audit data},
  author       = {Hossain, Md Nahid and Milajerdi, Sadegh M and Wang, Junao and Eshete, Birhanu and Gjomemo, Rigel and Sekar, R and Stoller, Scott D and Venkatakrishnan, VN},
  year         = 2017,
  booktitle    = security,
}
@inproceedings{delps+chen+2017,
  title        = {Distributed Provenance Compression},
  author       = {Chen, Chen and Lehri, Harshal Tushar and Kuan Loh, Lay and Alur, Anupam and Jia, Limin and Loo, Boon Thau and Zhou, Wenchao},
  year         = 2017,
  booktitle    = {ACM SIGMOD},
}
@inproceedings{ji2017rain,
  title        = {Rain: Refinable attack investigation with on-demand inter-process information flow tracking},
  author       = {Ji, Yang and Lee, Sangho and Downing, Evan and Wang, Weiren and Fazzini, Mattia and Kim, Taesoo and Orso, Alessandro and Lee, Wenke},
  year         = 2017,
  booktitle    = ccs,
}
@article{schlenker2017don,
  title        = {Don't bury your head in warnings: A game-theoretic approach for intelligent allocation of cyber-security alerts},
  author       = {Schlenker, Aaron and Xu, Haifeng and Guirguis, Mina and Kiekintveld, Chris and Sinha, Arunesh and Tambe, Milind and Sonya, Solomon and Balderas, Darryl and Dunstatter, Noah},
  year         = 2017,
  journal      = {IJCAI},
}
@article{7931672,
  title        = {Burstiness of Intrusion Detection Process: Empirical Evidence and a Modeling Approach},
  author       = {R. Harang and A. Kott},
  year         = 2017,
  journal      = {IEEE Transactions on Information Forensics and Security},
}
@inproceedings{iorgulescu2017don,
  title        = {Don't cry over spilled records: Memory elasticity of data-parallel applications and its application to cluster scheduling},
  author       = {Iorgulescu, Calin and Dinu, Florin and Raza, Aunn and Hassan, Wajih Ul and Zwaenepoel, Willy},
  year         = 2017,
  booktitle    = atc,
}
@inproceedings{neural2017,
  title        = {Neural Network-based Graph Embedding for Cross-Platform Binary Code Similarity Detection},
  author       = {Xu, Xiaojun and Liu, Chang and Feng, Qian and Yin, Heng and Song, Le and Song, Dawn},
  year         = 2017,
  booktitle    = ccs,
}
@inproceedings{deeplog2017,
  title        = {{DeepLog}: Anomaly Detection and Diagnosis from System Logs Through Deep Learning},
  author       = {Du, Min and Li, Feifei and Zheng, Guineng and Srikumar, Vivek},
  year         = 2017,
  booktitle    = ccs,
}
@inproceedings{kwon18mci,
  title        = {{MCI}: Modeling-based Causality Inference in Audit Logging for Attack Investigation},
  author       = {Kwon, Yonghwi and Wang, Fei and Wang, Weihang and Lee, Kyu Hyung and Lee, Wen-Chuan and Ma, Shiqing and Zhang, Xiangyu and Xu, Dongyan and Jha, Somesh and Ciocarlie, Gabriela and others},
  year         = 2018,
  booktitle    = ndss,
}
@inproceedings{winnower2018,
  title        = {Towards scalable cluster auditing through grammatical inference over provenance graphs},
  author       = {Hassan, Wajih Ul and Lemay, Mark and Aguse, Nuraini and Bates, Adam and Moyer, Thomas},
  year         = 2018,
  booktitle    = ndss,
}
@inproceedings{provthings2018,
  title        = {Fear and Logging in the Internet of Things},
  author       = {Wang, Qi and Hassan, Wajih Ul and Bates, Adam and Gunter, Carl},
  year         = 2018,
  booktitle    = ndss,
}
@inproceedings{tang2018nodemerge,
  title        = {Nodemerge: Template based efficient data reduction for big-data causality analysis},
  author       = {Tang, Yutao and Li, Ding and Li, Zhichun and Zhang, Mu and Jee, Kangkook and Xiao, Xusheng and Wu, Zhenyu and Rhee, Junghwan and Xu, Fengyuan and Li, Qun},
  year         = 2018,
  booktitle    = ccs,
}
@inproceedings{pasquier2018runtime,
  title        = {Runtime analysis of whole-system provenance},
  author       = {Pasquier, Thomas and Han, Xueyuan and Moyer, Thomas and Bates, Adam and Hermant, Olivier and Eyers, David and Bacon, Jean and Seltzer, Margo},
  year         = 2018,
  booktitle    = ccs,
}
@inproceedings{priotracker2018,
  title        = {Towards a Timely Causality Analysis for Enterprise Security},
  author       = {Liu, Yushan and Zhang, Mu and Li,  Ding and Jee,  Kangkook and Li, Zhichun and Wu, Zhenyu and Rhee, Junghwan and Mittal, Prateek},
  year         = 2018,
  booktitle    = ndss,
}
@inproceedings{hossain+depend,
  title        = {Dependence-Preserving data compaction for scalable forensic analysis},
  author       = {Md Nahid Hossain and Junao Wang and R. Sekar and Scott D. Stoller},
  year         = 2018,
  booktitle    = security,
}
@inproceedings{217496,
  title        = {{SAQL}: A Stream-based Query System for Real-Time Abnormal System Behavior Detection},
  author       = {Peng Gao and Xusheng Xiao and Ding Li and Zhichun Li and Kangkook Jee and Zhenyu Wu and Chung Hwan Kim and Sanjeev R. Kulkarni and Prateek Mittal},
  year         = 2018,
  booktitle    = security,
}
@inproceedings{ma2018kernel,
  title        = {Kernel-supported cost-effective audit logging for causality tracking},
  author       = {Ma, Shiqing and Zhai, Juan and Kwon, Yonghwi and Lee, Kyu Hyung and Zhang, Xiangyu and Ciocarlie, Gabriela and Gehani, Ashish and Yegneswaran, Vinod and Xu, Dongyan and Jha, Somesh},
  year         = 2018,
  booktitle    = atc,
}
@inproceedings{shu2018threat,
  title        = {Threat intelligence computing},
  author       = {Shu, Xiaokui and Araujo, Frederico and Schales, Douglas L and Stoecklin, Marc Ph and Jang, Jiyong and Huang, Heqing and Rao, Josyula R},
  year         = 2018,
  booktitle    = ccs,
}
@inproceedings{nodoze2019,
  title        = {{NoDoze}: Combatting threat alert fatigue with automated provenance triage},
  author       = {Hassan, Wajih Ul and Guo, Shengjian and Li, Ding and Chen, Zhengzhang and Jee, Kangkook and Li, Zhichun and Bates, Adam},
  year         = 2019,
  booktitle    = ndss,
}
@inproceedings{poirot2019,
  title        = {{POIROT}: Aligning Attack Behavior with Kernel Audit Records for Cyber Threat Hunting},
  author       = {Milajerdi, Sadegh M. and Eshete, Birhanu and Gjomemo, Rigel and Venkatakrishnan, V.N.},
  year         = 2019,
  booktitle    = ccs,
}
@inproceedings{holmes2019,
  title        = {{HOLMES}: Real-Time APT Detection through Correlation of Suspicious Information Flows},
  author       = {S. M. {Milajerdi} and R. {Gjomemo} and B. {Eshete} and R. {Sekar} and V. N. {Venkatakrishnan}},
  year         = 2019,
  booktitle    = oakland,
}
@inproceedings{227800,
  title        = {{GraphOne}: A Data Store for Real-time Analytics on Evolving Graphs},
  author       = {Pradeep Kumar and H. Howie Huang},
  year         = 2019,
  booktitle    = {fast},
}
@inproceedings{wu+zeno,
  title        = {Zeno: Diagnosing Performance Problems with Temporal Provenance},
  author       = {Yang Wu and Ang Chen and Linh Thi Xuan Phan},
  year         = 2019,
  booktitle    = nsdi,
}
@article{magazine2019,
  title        = {Can data provenance put an end to the data breach?},
  author       = {Bates, Adam and Hassan, Wajih Ul},
  year         = 2019,
  journal      = {IEEE Security \& Privacy},
  volume       = 17,
  number       = 4,
  pages        = {88--93},
}
@inproceedings{shen2019attack2vec,
  title        = {Attack2vec: Leveraging temporal word embeddings to understand the evolution of cyberattacks},
  author       = {Shen, Yun and Stringhini, Gianluca},
  year         = 2019,
  booktitle    = security,
}
@inproceedings{rapsheet2020,
  title        = {Tactical Provenance Analysis for Endpoint Detection and Response Systems},
  author       = {Hassan, Wajih Ul and Bates, Adam and Marino, Daniel},
  year         = 2020,
  booktitle    = oakland,
}
@inproceedings{hossain2020combating,
  title        = {Combating Dependence Explosion in Forensic Analysis Using Alternative Tag Propagation Semantics},
  author       = {Hossain, Md Nahid and Sheikhi, Sanaz and Sekar, R},
  year         = 2020,
  booktitle    = oakland,
}
@inproceedings{unicorn2020,
  title        = {{Unicorn}: Runtime Provenance-Based Detector for Advanced Persistent Threats},
  author       = {Han, Xueyan and Pasqueir, Thomas and Bates, Adam and Mickens, James and Seltzer, Margo},
  year         = 2020,
  booktitle    = ndss,
}
@inproceedings{omegalog2020,
  title        = {{OmegaLog}: High-Fidelity Attack Investigation via Transparent Multi-layer Log Analysis},
  author       = {Wajih Ul Hassan and Mohammad A Noureddine and Pubali Datta and Adam Bates},
  year         = 2020,
  booktitle    = ndss,
}
@inproceedings{swift2020,
  title        = {This is Why We Can't Cache Nice Things: Lightning-Fast Threat Hunting using Suspicion-Based Hierarchical Storage},
  author       = {Hassan, Wajih Ul and Li, Ding and Jee, Kangkook and Yu, Xiao and Zou, Kexuan and Wang, Dawei and Chen, Zhengzhang and Li, Zhichun and Rhee, Junghwan and Gui, Jiaping and others},
  year         = 2020,
  booktitle    = acsac,
}
@inproceedings{provdetector2020,
  title        = {You Are What You Do: Hunting Stealthy Malware via Data Provenance Analysis.},
  author       = {Wang, Qi and Hassan, Wajih Ul and Li, Ding and Jee, Kangkook and Yu, Xiao and Zou, Kexuan and Rhee, Junghwan and Chen, Zhengzhang and Cheng, Wei and Gunter, Carl A and others},
  year         = 2020,
  booktitle    = ndss,
}
@article{Xie:2016,
 author = {Xie, Yulai and Feng, Dan and Tan, Zhipeng and Zhou, Junzhe},
 title = {Unifying Intrusion Detection and Forensic Analysis via Provenance Awareness},
 journal = {Future Gener. Comput. Syst.},
 year = {2016},
}
@InProceedings{zeek-osquery2020,
author={Haas, Steffen and Sommer, Robin and Fischer, Mathias},
title={{Zeek-Osquery}: Host-Network Correlation for Advanced Monitoring and Intrusion Detection},
booktitle={ICT Systems Security and Privacy Protection},
year={2020},
publisher={Springer International Publishing}
}
@inproceedings{cheung2006provenance,
  title={Provenance explorer--customized provenance views using semantic inferencing},
  author={Cheung, Kwok and Hunter, Jane},
  booktitle={International Semantic Web Conference},
  pages={215--227},
  year={2006},
  organization={Springer}
}
@inproceedings{kohwalter2016prov,
  title={{Prov Viewer}: A graph-based visualization tool for interactive exploration of provenance data},
  author={Kohwalter, Troy and Oliveira, Thiago and Freire, Juliana and Clua, Esteban and Murta, Leonardo},
  booktitle={International Provenance and Annotation Workshop},
  pages={71--82},
  year={2016},
  organization={Springer}
}

@inproceedings{zeekagent2022,
  title={{Zeek Agent}: Correlating Host And Network Logs For Better Forensics},
  author={Wajih Ul Hassan and Jamie Brim and Zafir Ansari and Mati Ur Rehman and Muhammad Hamza Shahzad and Fareed Zaffar and Vern Paxson},
  year={2021},
}
