@string{security = "USENIX Security Symposium"}
@string{ccs = "ACM Conference on Computer and Communications Security (CCS)"}
@string{oakland = "IEEE Symposium on Security and Privacy (S\&P)"}
@string{ndss = "Network and Distributed System Security (NDSS)"}
@string{tapp = "USENIX Workshop on the Theory and Practice of Provenance (TaPP)"}
@string{osdi = "USENIX Conference on Operating Systems Design and Implementation (OSDI)"}
@string{sosp = "ACM Symposium on Operating Systems Principles (SOSP)"}
@string{asiaccs = "ACM Symposium on Information, Computer and Communications Security (ASIACCS)"}
@string{acsac = "Annual Computer Security Applications Conference (ACSAC)"}
@string{dimva = "Conference on Detection of Intrusions and Malware, and Vulnerability Assessment (DIMVA)"}
@string{www = "International World Wide Web Conference (WWW)"}
@string{esorics = "European Symposium on Research in Computer Security (ESORICS)"}
@string{pkc = "IACR International Conference on Practice and Theory of Public-Key Cryptography (PKC)"}
@string{eurosys = "European Conference on Computer Systems (EuroSys)"}
@string{nsdi = "USENIX Symposium on Networked Systems Design and Implementation (NSDI)"}
@string{atc = "USENIX Annual Technical Conference (ATC)"}
@string{fast = "USENIX Conference on File and Storage Technologies (FAST)"}
@string{indocrypt = "International Conference on Cryptology in India (INDOCRYPT)"}
@string{fc = "International Conference on Financial Cryptography and Data Security (FC)"}
@string{ct-rsa = "Cryptographers' Track at the RSA Conference (CT-RSA)"}
@string{dsn = "Conference on Dependable Systems and Networks (DSN)"}
@string{raid = "International Symposium on Research in Attacks, Intrusions, and Defenses (RAID)"}
@string{raid-old = "International Symposium on Recent Advances in Intrusion Detection (RAID)"}
@string{codaspy = "ACM Conference on Data and Application Security and Privacy (CODASPY)"}
@string{ccgrid = "IEEE/ACM International Symposium on Cluster, Cloud and Grid Computing (CCGRID)"}
@string{icwe = "International Conference on Web Engineering (ICWE)"}
@string{icst = "IEEE International Conference on Software Testing, Verification and Validation (ICST)"}
@string{csmr = "European Conference on Software Maintenance and Reengineering (CSMR)"}
@string{fase = "International Conference on Fundamental Approaches to Software Engineering (FASE)"}
@string{vldb = "International Conference on Very Large Data Bases (VLDB)"}
@string{wcre = "Working Conference on Reverse Engineering (WCRE)"}
@string{dls = "ACM SIGPLAN Dynamic Languages Symposium (DLS)"}
@string{ace = "IEEE/ACM Conference on Automated Software Engineering (ASE)"}
@string{acm-plas = "ACM SIGPLAN Workshop on Programming Languages and Analysis for Security (PLAS)"}
@string{tacas = "International Conference on Tools and Algorithms for the Construction and Analysis of Systems (TACAS)"}
@string{pldi = "ACM SIGPLAN Conference on Programming Language Design and Implementation (PLDI)"}
@string{hotsec = "USENIX Workshop on Hot Topics in Security (HotSec)"}
@string{ifip-sec = "IFIP International Information Security Conference"}
@string{popl = "Symposium on Principles of Programming Languages (POPL)"}
@string{w2sp = "Workshop on Web 2.0 Security and Privacy (W2SP)"}
@string{sac = "ACM Symposium on Applied Computing (SAC)"}
@string{iceccs = "IEEE International Conference on Engineering of Complex Computer Systems (ICECCS)"}
@string{woot = "USENIX Workshop on Offensive Technologies (WOOT)"}
@string{mines = "International Conference on Multimedia Information Networking and Security (MINES)"}
@string{icc = "IEEE International Conference on Communications (ICC)"}
@string{cit = "IEEE International Conference on Computer and Information Technology (CIT)"}
@string{soaps = "Symposium on Accessible Privacy and Security (SOAPS)"}
@string{dyla = "Workshop on Dynamic Languages and Applications (DYLA)"}
@string{fse = "Joint Meeting on Foundations of Software Engineering (FSE)"}
@string{webapps = "USENIX Conference on Web Application Development (WebApps)"}
@string{issta = "International Symposium on Software Testing and Analysis (ISSTA)"}
@string{sas = "International Static Analysis Symposium (SAS)"}
@string{fie = "Frontiers in Education Conference (FIE)"}
@string{icse = "International Conference on Software Engineering (ICSE)"}
@string{cav = "International Conference on Computer-Aided Verification (CAV)"}
@string{aaai = "AAAI Conference on Artifical Intelligence (AAAI)"}
@string{lopstr = "International Symposium on Logic-Based Program Synthesis and Transformation (LOPSTR)"}
@article{d1976,
  title        = {A Lattice Model of Secure Information Flow},
  author       = {Denning, Dorothy E.},
  year         = 1976,
  month        = may,
  journal      = {Communications of the ACM},
  publisher    = {ACM},
  volume       = 19,
  doi          = {10.1145/360051.360056},
  issn         = {0001-0782},
  url          = {http://doi.acm.org/10.1145/360051.360056},
  issue_date   = {May 1976},
  numpages     = 8,
  acmid        = 360056,
  keywords     = {information flow, lattice, program certification, protection, security, security class},
}
@article{garey1976some,
  title        = {Some simplified NP-complete graph problems},
  author       = {Garey, Michael R and Johnson, David S. and Stockmeyer, Larry},
  year         = 1976,
  journal      = {Theoretical computer science},
  publisher    = {Elsevier},
}
@article{ullmann1976algorithm,
  title        = {An algorithm for subgraph isomorphism},
  author       = {Ullmann, Julian R},
  year         = 1976,
  journal      = {Journal of the ACM (JACM)},
}
@article{deutsch1976efficient,
  title        = {An efficient, incremental, automatic garbage collector},
  author       = {Deutsch, L Peter and Bobrow, Daniel G},
  year         = 1976,
  journal      = {Communications of the ACM},
}
@article{king:1976:symbolic,
  title        = {Symbolic Execution and Program Testing},
  author       = {King, James C.},
  year         = 1976,
  journal      = {Commun. ACM},
  publisher    = {ACM},
  volume       = 19,
  issue_date   = {July 1976},
}
@article{dijkstra1978fly,
  title        = {On-the-fly garbage collection: An exercise in cooperation},
  author       = {Dijkstra, Edsger W and Lamport, Leslie and Martin, Alain J. and Scholten, Carel S. and Steffens, Elisabeth FM},
  year         = 1978,
  journal      = {Communications of the ACM},
}
@article{lamportclocks,
  title        = {Time, Clocks, and the Ordering of Events in a Distributed System},
  author       = {Lamport, Leslie},
  year         = 1978,
  journal      = {Communications of the ACM},
}

@article{lu2018learning,
  title={Learning under concept drift: A review},
  author={Lu, Jie and Liu, Anjin and Dong, Fan and Gu, Feng and Gama, Joao and Zhang, Guangquan},
  journal={IEEE transactions on knowledge and data engineering},
  volume={31},
  number={12},
  pages={2346--2363},
  year={2018},
  publisher={IEEE}
}

@inproceedings{barbero2022transcending,
  title={Transcending transcend: Revisiting malware classification in the presence of concept drift},
  author={Barbero, Federico and Pendlebury, Feargus and Pierazzi, Fabio and Cavallaro, Lorenzo},
  booktitle={2022 IEEE Symposium on Security and Privacy (SP)},
  pages={805--823},
  year={2022},
  organization={IEEE}
}

@inproceedings{qu2022rethinking,
  title={Rethinking architecture design for tackling data heterogeneity in federated learning},
  author={Qu, Liangqiong and Zhou, Yuyin and Liang, Paul Pu and Xia, Yingda and Wang, Feifei and Adeli, Ehsan and Fei-Fei, Li and Rubin, Daniel},
  booktitle={Proceedings of the IEEE/CVF conference on computer vision and pattern recognition},
  pages={10061--10071},
  year={2022}
}

@article{zhou2023fedfa,
  title={FedFA: Federated Learning with Feature Anchors to Align Features and Classifiers for Heterogeneous Data},
  author={Zhou, Tailin and Zhang, Jun and Tsang, Danny HK},
  journal={IEEE Transactions on Mobile Computing},
  year={2023},
  publisher={IEEE}
}

@article{duan2020self,
  title={Self-balancing federated learning with global imbalanced data in mobile systems},
  author={Duan, Moming and Liu, Duo and Chen, Xianzhang and Liu, Renping and Tan, Yujuan and Liang, Liang},
  journal={IEEE Transactions on Parallel and Distributed Systems},
  volume={32},
  number={1},
  pages={59--71},
  year={2020},
  publisher={IEEE}
}

@article{bokhari2016review,
  title={A review on symmetric key encryption techniques in cryptography},
  author={Bokhari, Mohammad Ubaidullah and Shallal, Qahtan Makki},
  journal={International journal of computer applications},
  volume={147},
  number={10},
  year={2016},
  publisher={Foundation of Computer Science}
}

@inproceedings{yang2021cade,
  title={$\{$CADE$\}$: Detecting and explaining concept drift samples for security applications},
  author={Yang, Limin and Guo, Wenbo and Hao, Qingying and Ciptadi, Arridhana and Ahmadzadeh, Ali and Xing, Xinyu and Wang, Gang},
  booktitle={30th USENIX Security Symposium (USENIX Security 21)},
  pages={2327--2344},
  year={2021}
}

@inproceedings{jordaney2017transcend,
  title={Transcend: Detecting concept drift in malware classification models},
  author={Jordaney, Roberto and Sharad, Kumar and Dash, Santanu K and Wang, Zhi and Papini, Davide and Nouretdinov, Ilia and Cavallaro, Lorenzo},
  booktitle={26th USENIX security symposium (USENIX security 17)},
  pages={625--642},
  year={2017}
}

@book{Kernighan:1978,
  title        = {The C Programming Language},
  author       = {Kernighan, B. W. and Ritchie, D. M.},
  year         = 1978,
  publisher    = {Prentice-Hall, Inc.},
}
@book{claus1979graph,
  title        = {Graph-grammars and their application to computer science and biology},
  author       = {Claus, Volker and Ehrig, Hartmut and Rozenberg, Grzegorz},
  year         = 1979,
  publisher    = {Springer Science \& Business Media},
  volume       = 1,
}
@article{lovasz1993random,
  title        = {Random walks on graphs: A survey},
  author       = {Lov{\'a}sz, L{\'a}szl{\'o} and others},
  year         = 1993,
  journal      = {Combinatorics, Paul erdos is eighty},
}
@article{disco1997,
  title        = {Disco: Running commodity operating systems on scalable multiprocessors},
  author       = {Bugnion, Edouard and Devine, Scott and Govil, Kinshuk and Rosenblum, Mendel},
  year         = 1997,
  journal      = {ACM Transactions on Computer Systems (TOCS)},
  volume       = 15,
  longpublisher = {ACM},
}
@article{bunke1997relation,
  title        = {On a relation between graph edit distance and maximum common subgraph},
  author       = {Bunke, Horst},
  year         = 1997,
  journal      = {Pattern Recognition Letters},
  publisher    = {Elsevier},
  volume       = 18,
}
@inproceedings{ko1997execution,
  title        = {Execution monitoring of security-critical programs in distributed systems: A specification-based approach},
  author       = {Ko, Calvin and Ruschitzka, Manfred and Levitt, Karl},
  year         = 1997,
  booktitle    = oakland,
}
@article{Hofmeyr:1998,
  title        = {Intrusion detection using sequences of system calls},
  author       = {Hofmeyr, Steven A and Forrest, Stephanie and Somayaji, Anil},
  year         = 1998,
  journal      = {Journal of computer security},
  publisher    = {IOS Press},
  volume       = 6,
}
@article{barron1998minimum,
  title        = {The minimum description length principle in coding and modeling},
  author       = {Barron, Andrew and Rissanen, Jorma and Yu, Bin},
  year         = 1998,
  journal      = {IEEE Transactions on Information Theory},
  publisher    = {IEEE},
  volume       = 44,
}
@article{bunke1998graph,
  title        = {A graph distance metric based on the maximal common subgraph},
  author       = {Bunke, Horst and Shearer, Kim},
  year         = 1998,
  journal      = {Pattern recognition letters},
  publisher    = {Elsevier},
}
@inproceedings{lang1998results,
  title        = {Results of the abbadingo one DFA learning competition and a new evidence-driven state merging algorithm},
  author       = {Lang, Kevin J and Pearlmutter, Barak A and Price, Rodney A},
  year         = 1998,
  booktitle    = {International Colloquium on Grammatical Inference},
  organization = {Springer},
}
@inproceedings{Lee:1998,
  title        = {Data Mining Approaches for Intrusion Detection},
  author       = {Lee, Wenke and Stolfo, Salvatore J.},
  year         = 1998,
  booktitle    = security,
}
@article{hearst1998support,
  title        = {Support vector machines},
  author       = {Hearst, Marti A. and Dumais, Susan T and Osuna, Edgar and Platt, John and Scholkopf, Bernhard},
  year         = 1998,
  journal      = {IEEE Intelligent Systems and their applications},
  publisher    = {IEEE},
  volume       = 13,
}
@book{kernighan1999practice,
  title        = {The practice of programming},
  author       = {Kernighan, Brian W and Pike, Rob},
  year         = 1999,
  publisher    = {Addison-Wesley Professional},
}
@article{Axelsson:2000,
  title        = {The base-rate fallacy and the difficulty of intrusion detection},
  author       = {Axelsson, Stefan},
  year         = 2000,
  journal      = {ACM Transactions on Information and System Security (TISSEC)},
}
@inproceedings{sekar2001fast,
  title        = {A fast automaton-based method for detecting anomalous program behaviors},
  author       = {Sekar, R and Bendre, Mugdha and Dhurjati, Dinakar and Bollineni, Pradeep},
  year         = 2001,
  booktitle    = oakland,
}
@inproceedings{valdes2001probabilistic,
  title        = {Probabilistic alert correlation},
  author       = {Valdes, Alfonso and Skinner, Keith},
  year         = 2001,
  booktitle    = {International Workshop on Recent Advances in Intrusion Detection},
  organization = {Springer},
}
@inproceedings{debar2001aggregation,
  title        = {Aggregation and correlation of intrusion-detection alerts},
  author       = {Debar, Herv{\'e} and Wespi, Andreas},
  year         = 2001,
  booktitle    = {International Workshop on Recent Advances in Intrusion Detection},
  organization = {Springer},
}
@inproceedings{schultz2000data,
  title        = {Data mining methods for detection of new malicious executables},
  author       = {Schultz, Matthew G and Eskin, Eleazar and Zadok, F and Stolfo, Salvatore J},
  year         = 2001,
  booktitle    = {IEEE Symposium on Security and Privacy (SP)},
}
@incollection{bls2001,
  title        = {{Short Signatures from the Weil Pairing}},
  author       = {Boneh, Dan and Lynn, Ben and Shacham, Hovav},
  year         = 2001,
  booktitle    = {Advances in Cryptology -- ASIACRYPT 2001},
  publisher    = {Springer Berlin Heidelberg},
  series       = {Lecture Notes in Computer Science},
  volume       = 2248,
  doi          = {10.1007/3-540-45682-1\_30},
  url          = {http://dx.doi.org/10.1007/3-540-45682-1\_30},
  editor       = {Boyd, Colin},
  language     = {English},
}
@article{zhu2002learning,
  title        = {Learning from labeled and unlabeled data with label propagation},
  author       = {Xiaojin, Zhu and Zoubin, Ghahramani},
  year         = 2002,
  journal      = {Tech. Rep., Technical Report CMU-CALD-02--107, Carnegie Mellon University},
}
@book{barbara2002applications,
  title        = {Applications of data mining in computer security},
  author       = {Barbar{\'a}, Daniel and Jajodia, Sushil},
  year         = 2002,
  publisher    = {Springer Science \& Business Media},
}
@inproceedings{fvw+2002,
  title        = {Chimera: AVirtual Data System for Representing, Querying, and Automating Data Derivation},
  author       = {Foster, Ian T. and V\"{o}ckler, Jens-S. and Wilde, Michael and Zhao, Yong},
  year         = 2002,
  booktitle    = {SSDBM},
  location     = {Edinburgh, Scotland, UK},
  longbooktitle = {Proceedings of the 14th Conference on Scientific and Statistical Database Management},
  longmonth    = jul,
  longseries   = {SSDBM'02},
}
@inproceedings{sekar2002specification,
  title        = {Specification-based anomaly detection: a new approach for detecting network intrusions},
  author       = {Sekar, Ramasubramanian and Gupta, Ajay and Frullo, James and Shanbhag, Tushar and Tiwari, Abhishek and Yang, Henglin and Zhou, Sheng},
  year         = 2002,
  booktitle    = ccs,
}
@article{slammer,
  title        = {Inside the Slammer Worm},
  author       = {Moore, David and Paxson, Vern and Savage, Stefan and Shannon, Colleen and Staniford, Stuart and Weaver, Nicholas},
  year         = 2003,
  journal      = oakland,
}
@article{aguilera+project52003,
  title        = {Performance debugging for distributed systems of black boxes},
  author       = {Aguilera, Marcos K and Mogul, Jeffrey C and Wiener, Janet L and Reynolds, Patrick and Muthitacharoen, Athicha},
  year         = 2003,
  journal      = {ACM SIGOPS Operating Systems Review},
  volume       = 37,
}
@book{cramer2015secure,
  title={Secure multiparty computation},
  author={Cramer, Ronald and Damg{\aa}rd, Ivan Bjerre and others},
  year={2015},
  publisher={Cambridge University Press}
}
@inproceedings{du2001secure,
  title={Secure multi-party computation problems and their applications: a review and open problems},
  author={Du, Wenliang and Atallah, Mikhail J},
  booktitle={Proceedings of the 2001 workshop on New security paradigms},
  pages={13--22},
  year={2001}
}
@inproceedings{asharov2013more,
  title={More efficient oblivious transfer and extensions for faster secure computation},
  author={Asharov, Gilad and Lindell, Yehuda and Schneider, Thomas and Zohner, Michael},
  booktitle={Proceedings of the 2013 ACM SIGSAC conference on Computer \& communications security},
  pages={535--548},
  year={2013}
}
@inproceedings{gentry2009fully,
  title={Fully homomorphic encryption using ideal lattices},
  author={Gentry, Craig},
  booktitle={Proceedings of the forty-first annual ACM symposium on Theory of computing},
  pages={169--178},
  year={2009}
}
@article{armknecht2015guide,
  title={A guide to fully homomorphic encryption},
  author={Armknecht, Frederik and Boyd, Colin and Carr, Christopher and Gj{\o}steen, Kristian and J{\"a}schke, Angela and Reuter, Christian A and Strand, Martin},
  journal={Cryptology ePrint Archive},
  year={2015}
}
@inproceedings{sm2003,
  title        = {Recording and Reasoning over Data Provenance in Web and Grid Services},
  author       = {Martin Szomszor and Luc Moreau},
  year         = 2003,
  booktitle    = {ODBASE},
  location     = {Catania, Sicily, Italy},
  longbooktitle = odbase03,
  longmonth    = nov,
  longseries   = {ODBASE'03},
}
@inproceedings{king2003,
  title        = {Backtracking Intrusions},
  author       = {King, Samuel T. and Chen, Peter M.},
  year         = 2003,
  booktitle    = sosp,
  publisher    = {ACM},
  doi          = {10.1145/945445.945467},
  url          = {http://doi.acm.org/10.1145/945445.945467},
  longbooktitle = {Proceedings of the Nineteenth ACM Symposium on Operating Systems Principles},
  longseries   = {SOSP '03},
  longisbn     = {1-58113-757-5},
  longlocation = {Bolton Landing, NY, USA},
  longpages    = {223--236},
  longnumpages = 14,
  acmid        = 945467,
  longaddress  = {New York, NY, USA},
  keywords     = {computer forensics, information flow, intrusion analysis},
}
@inproceedings{hu2003robust,
  title        = {Robust anomaly detection using support vector machines},
  author       = {Hu, Wenjie and Liao, Yihua and Vemuri, V Rao},
  year         = 2003,
  booktitle    = {ICML},
}
@inproceedings{kruegel2003anomaly,
  title        = {Anomaly detection of web-based attacks},
  author       = {Kruegel, Christopher and Vigna, Giovanni},
  year         = 2003,
  booktitle    = ccs,
}
@inproceedings{kruegel2003bayesian,
  title        = {Bayesian event classification for intrusion detection},
  author       = {Kruegel, Christopher and Mutz, Darren and Robertson, William and Valeur, Fredrik},
  year         = 2003,
  booktitle    = acsac,
}
@article{jez2004,
  title        = {Consistency analysis of authorization hook placement in the Linux security modules framework},
  author       = {Jaeger, Trent and Edwards, Antony and Zhang, Xiaolan},
  year         = 2004,
  month        = may,
  journal      = {ACM Transactions on Information and System Security (TISSEC)},
  publisher    = {ACM},
  volume       = 7,
  doi          = {10.1145/996943.996944},
  issn         = {1094-9224},
  url          = {http://doi.acm.org/10.1145/996943.996944},
  issue_date   = {May 2004},
  numpages     = 31,
  acmid        = 996944,
  keywords     = {access control models, authorization mechanisms, role-based access control},
}
@article{jonyer2004mdl,
  title        = {{MDL}-based context-free graph grammar induction and applications},
  author       = {Jonyer, Istvan and Holder, Lawrence B and Cook, Diane J},
  year         = 2004,
  journal      = {International Journal on Artificial Intelligence Tools},
  publisher    = {World Scientific},
  volume       = 13,
}
@book{forensicbook,
  title        = {Forensic discovery},
  author       = {Farmer, Dan and Venema, Wietse},
  year         = 2004,
  publisher    = {Addison Wesley Professional},
}
@book{Kruegel:2004,
  title        = {Intrusion detection and correlation: challenges and solutions},
  author       = {Kruegel, Christopher and Valeur, Fredrik and Vigna, Giovanni},
  year         = 2004,
  publisher    = {Springer Science \& Business Media},
}
@inproceedings{Chen:2004:PFE:1251175.1251198,
  title        = {Path-based Faliure and Evolution Management},
  author       = {Chen, Mike Y. and Accardi, Anthony and Kiciman, Emre and Lloyd, Jim and Patterson, Dave and Fox, Armando and Brewer, Eric},
  year         = 2004,
  booktitle    = nsdi,
  publisher    = {USENIX Association},
  url          = {http://dl.acm.org/citation.cfm?id=1251175.1251198},
  longbooktitle = {Proceedings of the 1st Conference on Symposium on Networked Systems Design and Implementation - Volume 1},
  longseries   = {NSDI'04},
  longlocation = {San Francisco, California},
  longpages    = {23--23},
  longnumpages = 1,
  acmid        = 1251198,
  longaddress  = {Berkeley, CA, USA},
}
@inproceedings{chyssler2004alarm,
  title        = {Alarm Reduction and Correlation in Intrusion Detection Systems.},
  author       = {Chyssler, Tobias and Burschka, Stefan and Semling, Michael and Lingvall, Tomas and Burbeck, Kalle},
  year         = 2004,
  booktitle    = {DIMVA},
}
@inproceedings{noel2004correlating,
  title        = {Correlating intrusion events and building attack scenarios through attack graph distances},
  author       = {Noel, Steven and Robertson, Eric and Jajodia, Sushil},
  year         = 2004,
  booktitle    = acsac,
}
@inproceedings{cantrill+dtrace2004,
  title        = {Dynamic Instrumentation of Production Systems.},
  author       = {Cantrill, Bryan and Shapiro, Michael W and Leventhal, Adam H and others},
  year         = 2004,
  booktitle    = atc,
}
@inproceedings{barham+magpie2004,
  title        = {Using Magpie for Request Extraction and Workload Modelling.},
  author       = {Barham, Paul and Donnelly, Austin and Isaacs, Rebecca and Mortier, Richard},
  year         = 2004,
  booktitle    = osdi,
}
@inproceedings{lattner2004llvm,
  title        = {{LLVM}: A compilation framework for lifelong program analysis \& transformation},
  author       = {Lattner, Chris and Adve, Vikram},
  year         = 2004,
  booktitle    = {International Symposium on Code Generation and Optimization, 2004. CGO 2004.},
  organization = {IEEE},
}
@inproceedings{srinivasan2004flashback,
  title        = {Flashback: A lightweight extension for rollback and deterministic replay for software debugging},
  author       = {Srinivasan, Sudarshan M and Kandula, Srikanth and Andrews, Christopher R and Zhou, Yuanyuan and others},
  year         = 2004,
  booktitle    = {USENIX Annual Technical Conference, General Track},
  organization = {Boston, MA, USA},
}
@techreport{w2004,
  title        = {{Trio: A System for Integrated Management of Data, Accuracy, and Lineage}},
  author       = {Jennifer Widom},
  year         = 2004,
  month        = aug,
  url          = {http://ilpubs.stanford.edu:8090/658/},
  date-modified = {2012-06-06 22:34:12 +0000},
  institution  = {Stanford {InfoLab}},
  keywords     = {accuracy, approximation, data, lineage, uncertainty},
  lccn         = {0316},
  type         = {Technical Report},
  bdsk-url-1   = {http://ilpubs.stanford.edu:8090/658/},
}
@article{myles2004introduction,
  title        = {An introduction to decision tree modeling},
  author       = {Myles, Anthony J and Feudale, Robert N and Liu, Yang and Woody, Nathaniel A and Brown, Steven D},
  year         = 2004,
  journal      = {Journal of Chemometrics: A Journal of the Chemometrics Society},
  publisher    = {Wiley Online Library},
  volume       = 18,
}
@article{epm+2005,
  title        = {Labels and event processes in the Asbestos operating system},
  author       = {Efstathopoulos, Petros and Krohn, Maxwell and VanDeBogart, Steve and Frey, Cliff and Ziegler, David and Kohler, Eddie and Mazieres, David and Kaashoek, Frans and Morris, Robert},
  year         = 2005,
  journal      = {ACM SIGOPS Operating Systems Review},
  publisher    = {ACM},
  volume       = 39,
  doi          = {10.1145/1095809.1095813},
  issn         = {0163-5980},
  url          = {http://doi.acm.org/10.1145/1095809.1095813},
  issue_date   = {December 2005},
  longmonth    = oct,
  numpages     = 14,
  acmid        = 1095813,
  keywords     = {event processes, information flow, labels, mandatory access control, secure web servers},
}
@article{Higuera2005,
  title        = {A bibliographical study of grammatical inference},
  author       = {Higuera, C De La},
  year         = 2005,
  journal      = {Pattern recognition},
}
@inproceedings{ctv2005,
  title        = {{DBNotes}: A Post-it System for Relational Databases Based on Provenance},
  author       = {Chiticariu, Laura and Tan, Wang-Chiew and Vijayvargiya, Gaurav},
  year         = 2005,
  booktitle    = {ACM SIGMOD},
  location     = {Baltimore, Maryland},
  longbooktitle = sigmod05,
  longseries   = {SIGMOD'05},
  longmonth    = jun,
}
@inproceedings{gjj2005,
  title        = {Automatic Placement of Authorization Hooks in the Linux Security Modules Framework},
  author       = {Ganapathy, Vinod and Jaeger, Trent and Jha, Somesh},
  year         = 2005,
  booktitle    = ccs,
  location     = {Alexandria, VA, USA},
  publisher    = {ACM},
  series       = {CCS '05},
  doi          = {10.1145/1102120.1102164},
  url          = {http://doi.acm.org/10.1145/1102120.1102164},
  numpages     = 10,
  acmid        = 1102164,
  keywords     = {LSM, SELinux, hook placement, static analysis},
}
@inproceedings{king2005,
  title        = {Enriching Intrusion Alerts Through Multi-Host Causality.},
  author       = {King, Samuel T and Mao, Zhuoqing Morley and Lucchetti, Dominic G and Chen, Peter M},
  year         = 2005,
  booktitle    = ndss,
}
@inproceedings{Jin:2005:DFT,
  title        = {Discovering frequent topological structures from graph datasets},
  author       = {Jin, Ruoming and Wang, Chao and Polshakov, Dmitrii and Parthasarathy, Srinivasan and Agrawal, Gagan},
  year         = 2005,
  booktitle    = {ACM SIGKDD International Conference on Knowledge Discovery in Data Mining},
}
@inproceedings{10.1007,
  title        = {Anomaly detection in computer security and an application to file system accesses},
  author       = {Stolfo, Salvatore J and Hershkop, Shlomo and Bui, Linh H and Ferster, Ryan and Wang, Ke},
  year         = 2005,
  booktitle    = {International Symposium on Methodologies for Intelligent Systems},
  organization = {Springer},
}
@inproceedings{newsome2005dynamic,
  title        = {Dynamic Taint Analysis for Automatic Detection, Analysis, and SignatureGeneration of Exploits on Commodity Software.},
  author       = {Newsome, James and Song, Dawn Xiaodong},
  year         = 2005,
  booktitle    = {NDSS},
  volume       = 5,
  organization = {Citeseer},
}
@inproceedings{sitaraman2005forensic,
  title        = {Forensic analysis of file system intrusions using improved backtracking},
  author       = {Sitaramanf, Sriranjani and Venkatesan, Subbarayan},
  year         = 2005,
  booktitle    = {Third IEEE International Workshop on Information Assurance (IWIA'05)},
  organization = {IEEE},
}
@article{adams2006comparison,
  title        = {A comparison of software and hardware techniques for x86 virtualization},
  author       = {Adams, Keith and Agesen, Ole},
  year         = 2006,
  journal      = {ACM SIGOPS Operating Systems Review},
  publisher    = {ACM},
  volume       = 40,
}
@article{doi:10.1142/S0218213006003028,
  title        = {ON THE LEARNING OF SYSTEM CALL ATTRIBUTES FOR HOST-BASED ANOMALY DETECTION},
  author       = {Tandon, Gaurav and Chan, Philip K.},
  year         = 2006,
  journal      = {International Journal on Artificial Intelligence Tools},
}
@article{petroni2006fatkit,
  title        = {FATKit: A framework for the extraction and analysis of digital forensic data from volatile system memory},
  author       = {Petroni Jr, Nick L and Walters, AAron and Fraser, Timothy and Arbaugh, William A},
  year         = 2006,
  journal      = {Digital Investigation},
  publisher    = {Elsevier},
  volume       = 3,
}
@article{adelstein2006live,
  title        = {Live forensics: diagnosing your system without killing it first},
  author       = {Adelstein, Frank},
  year         = 2006,
  journal      = {Communications of the ACM},
  publisher    = {ACM New York, NY, USA},
  volume       = 49,
}
@incollection{abj2006,
  title        = {Provenance Collection Support in the Kepler Scientific Workflow System},
  author       = {Altintas, Ilkay and Barney, Oscar and Jaeger-Frank, Efrat},
  year         = 2006,
  booktitle    = {Provenance and Annotation of Data},
  publisher    = {Springer Berlin Heidelberg},
  series       = {Lecture Notes in Computer Science},
  volume       = 4145,
  doi          = {10.1007/11890850\_14},
  url          = {http://dx.doi.org/10.1007/11890850\_14},
  editor       = {Moreau, Luc and Foster, Ian},
  language     = {English},
}
@inproceedings{bgh+2006,
  title        = {Issues in Automatic Provenance Collection},
  author       = {Uri Braun and Simson L. Garfinkel and David A. Holland and Kiran-Kumar Muniswamy-Reddy and Margo I. Seltzer},
  year         = 2006,
  booktitle    = {International Provenance and Annotation Workshop},
  ee           = {http://dx.doi.org/10.1007/11890850\_18},
  crossref     = {DBLP:conf/ipaw/2006},
  bibsource    = {DBLP, http://dblp.uni-trier.de},
}
@inproceedings{cfs+2006,
  title        = {{VisTrails}: Visualization Meets Data Management},
  author       = {Callahan, Steven P. and Freire, Juliana and Santos, Emanuele and Scheidegger, Carlos E. and Silva, Cl\'{a}udio T. and Vo, Huy T.},
  year         = 2006,
  booktitle    = {ACM SIGMOD},
  location     = {Chicago, IL, USA},
  publisher    = {ACM},
  doi          = {10.1145/1142473.1142574},
  url          = {http://doi.acm.org/10.1145/1142473.1142574},
  longbooktitle = {Proceedings of the 2006 ACM SIGMOD International Conference on Management of Data},
  longseries   = {SIGMOD '06},
  numpages     = 3,
  acmid        = 1142574,
  keywords     = {data provenance, scientific dataflows, visualization},
}
@inproceedings{xen2006,
  title        = {Enforcing Performance Isolation Across Virtual Machines in Xen},
  author       = {Gupta, Diwaker and Cherkasova, Ludmila and Gardner, Rob and Vahdat, Amin},
  year         = 2006,
  booktitle    = {Middleware},
  url          = {http://dl.acm.org/citation.cfm?id=1515984.1516011},
  longbooktitle = {Proceedings of the ACM/IFIP/USENIX 2006 International Conference on Middleware},
  longseries   = {Middleware '06},
  longlocation = {Melbourne, Australia},
  longpages    = {342--362},
  longnumpages = 21,
  acmid        = 1516011,
  longpublisher = {Springer-Verlag New York, Inc.},
  longaddress  = {New York, NY, USA},
}
@inproceedings{Adriaans2006,
  title        = {Using {MDL} for grammar induction},
  author       = {Adriaans, Pieter and Jacobs, Ceriel},
  year         = 2006,
  booktitle    = {International Colloquium on Grammatical Inference},
  organization = {Springer},
}
@inproceedings{1648825,
  title        = {Provenance-Aware Tracing of Worm Break-in and Contaminations: A Process Coloring Approach},
  author       = {Xuxian Jiang and A. Walters and Dongyan Xu and E. H. Spafford and F. Buchholz and Yi-Min Wang},
  year         = 2006,
  booktitle    = {ICDCS},
}
@inproceedings{cheung2006provenance,
  title        = {Provenance explorer--customized provenance views using semantic inferencing},
  author       = {Cheung, Kwok and Hunter, Jane},
  year         = 2006,
  booktitle    = {International Semantic Web Conference},
  organization = {Springer},
}
@inproceedings{narayanasamy2006recording,
  title        = {Recording shared memory dependencies using strata},
  author       = {Narayanasamy, Satish and Pereira, Cristiano and Calder, Brad},
  year         = 2006,
  booktitle    = {Proceedings of the 12th international conference on Architectural support for programming languages and operating systems},
}
@inproceedings{mhb+2006,
  title        = {{Provenance-aware Storage Systems}},
  author       = {Muniswamy-Reddy, Kiran-Kumar and Holland, David A. and Braun, Uri and Seltzer, Margo},
  year         = 2006,
  booktitle    = {USENIX ATC},
  longbooktitle = {USENIX ATC},
}
@techreport{bs2006,
  title        = {{A Security Model for Provenance}},
  author       = {Uri Braun and Avi Shinnar},
  year         = 2006,
  institution  = {Harvard University Computer Science Group},
}
@article{idika2007survey,
  title        = {A survey of malware detection techniques},
  author       = {Idika, Nwokedi and Mathur, Aditya P},
  year         = 2007,
  journal      = {Purdue University},
  publisher    = {Citeseer},
  volume       = 48,
}
@book{grunwald2007minimum,
  title        = {The minimum description length principle},
  author       = {Gr{\"u}nwald, Peter D},
  year         = 2007,
  publisher    = {MIT press},
}
@inbook{Riesen2007,
  title        = {Bipartite Graph Matching for Computing the Edit Distance of Graphs},
  author       = {Riesen, Kaspar and Neuhaus, Michel and Bunke, Horst},
  year         = 2007,
  booktitle    = {Graph-Based Representations in Pattern Recognition: 6th IAPR-TC-15 International Workshop, GbRPR 2007, Alicante, Spain, June 11-13, 2007. Proceedings},
  publisher    = {Springer Berlin Heidelberg},
}
@inproceedings{gl2007,
  title        = {Bonsai: Balanced Lineage Authentication},
  author       = {Gehani, A. and Lindqvist, U.},
  year         = 2007,
  booktitle    = acsac,
  location     = {Miami Beach, Florida},
  longbooktitle = acsac07,
  longmonth    = {Dec},
  longseries   = {ACSAC'07},
}
@inproceedings{kyb+2007,
  title        = {{Information Flow Control for Standard OS Abstractions}},
  author       = {Krohn, Maxwell and Yip, Alexander and Brodsky, Micah and Cliffer, Natan and Kaashoek, M. Frans and Kohler, Eddie and Morris, Robert},
  year         = 2007,
  booktitle    = sosp,
  location     = {Stevenson, Washington, USA},
  longbooktitle = {sosp07},
  longseries   = {SOSP'07},
}
@inproceedings{soltesz2007,
  title        = {Container-based operating system virtualization: a scalable, high-performance alternative to hypervisors},
  author       = {Soltesz, Stephen and P{\"o}tzl, Herbert and Fiuczynski, Marc E and Bavier, Andy and Peterson, Larry},
  year         = 2007,
  booktitle    = {ACM SIGOPS Operating Systems Review},
  volume       = 41,
  organization = {ACM},
}
@inproceedings{kloft2007poisoning,
  title        = {A poisoning attack against online anomaly detection},
  author       = {Kloft, Marius and Laskov, Pavel},
  year         = 2007,
  booktitle    = {NIPS Workshop on Machine Learning in Adversarial Environments for Computer Security},
}
@inproceedings{cova2007swaddler,
  title        = {Swaddler: An approach for the anomaly-based detection of state violations in web applications},
  author       = {Cova, Marco and Balzarotti, Davide and Felmetsger, Viktoria and Vigna, Giovanni},
  year         = 2007,
  booktitle    = {International Workshop on Recent Advances in Intrusion Detection},
  organization = {Springer},
}
@inproceedings{fonseca+xtrace2007,
  title        = {X-trace: A pervasive network tracing framework},
  author       = {Fonseca, Rodrigo and Porter, George and Katz, Randy H and Shenker, Scott and Stoica, Ion},
  year         = 2007,
  booktitle    = nsdi,
}
@inproceedings{moser2007exploring,
  title        = {Exploring multiple execution paths for malware analysis},
  author       = {Moser, Andreas and Kruegel, Christopher and Kirda, Engin},
  year         = 2007,
  booktitle    = {IEEE Symposium on Security and Privacy (SP)},
}
@inproceedings{joshi2007scarpe,
  title        = {SCARPE: A technique and tool for selective capture and replay of program executions},
  author       = {Joshi, Shrinivas and Orso, Alessandro},
  year         = 2007,
  booktitle    = {2007 IEEE International Conference on Software Maintenance},
  organization = {IEEE},
}
@inproceedings{clause2007dytan,
  title        = {Dytan: a generic dynamic taint analysis framework},
  author       = {Clause, James and Li, Wanchun and Orso, Alessandro},
  year         = 2007,
  booktitle    = {Proceedings of the 2007 international symposium on Software testing and analysis},
}
@inproceedings{yin2007panorama,
  title        = {Panorama: capturing system-wide information flow for malware detection and analysis},
  author       = {Yin, Heng and Song, Dawn and Egele, Manuel and Kruegel, Christopher and Kirda, Engin},
  year         = 2007,
  booktitle    = {CCS},
}
@inproceedings{willems2007toward,
  title        = {Toward automated dynamic malware analysis using cwsandbox},
  author       = {Willems, Carsten and Holz, Thorsten and Freiling, Felix},
  year         = 2007,
  booktitle    = {IEEE Symposium on Security and Privacy (SP)},
}
@article{wang2008graph,
  title        = {A graph based approach toward network forensics analysis},
  author       = {Wang, Wei and Daniels, Thomas E},
  year         = 2008,
  journal      = {ACM Transactions on Information and System Security (TISSEC)},
}
@article{dolan2008forensic,
  title        = {Forensic analysis of the Windows registry in memory},
  author       = {Dolan-Gavitt, Brendan},
  year         = 2008,
  journal      = {digital investigation},
  publisher    = {Elsevier},
  volume       = 5,
}
@article{casey2008impact,
  title        = {The impact of full disk encryption on digital forensics},
  author       = {Casey, Eoghan and Stellatos, Gerasimos J},
  year         = 2008,
  journal      = {ACM SIGOPS Operating Systems Review},
  publisher    = {ACM New York, NY, USA},
  volume       = 42,
}
@inproceedings{am2008,
  title        = {Provenance-based Auditing of Private Data Use},
  author       = {Aldeco-P{\'e}rez, Roc\'{\i}o and Moreau, Luc},
  year         = 2008,
  booktitle    = {VoCS},
  location     = {London, UK},
  longbooktitle = {Proceedings of the 2008 International Conference on Visions of Computer Science},
  longseries   = {VoCS'08},
  longmonth    = sep,
}
@inproceedings{cjr2008,
  title        = {Efficient Provenance Storage},
  author       = {Adriane Chapman and H.V. Jagadish and Prakash Ramanan},
  year         = 2008,
  booktitle    = {ACM SIGMOD},
  location     = {Vancouver, Canada},
  longbooktitle = sigmod08,
  longseries   = {SIGMOD'08},
  longmonth    = {June},
}
@inproceedings{hbm+2008,
  title        = {Choosing a Data Model and Query Language for Provenance},
  author       = {Holland, David A. and Bruan, Uri and Maclean, Diana and Muniswamy-Reddy, Kiran-Kumar and Seltzer, Margo I.},
  year         = 2008,
  booktitle    = {IPAW},
  location     = {Salt Lake City, Utah},
  series       = {IPAW'08},
  longmonth    = jun,
}
@inproceedings{zbm2008,
  title        = {Securing Distributed Systems with Information Flow Control},
  author       = {Zeldovich, Nickolai and Boyd-Wickizer, Silas and Mazi\`{e}res, David},
  year         = 2008,
  booktitle    = nsdi,
  location     = {San Francisco, California},
  publisher    = {USENIX Association},
  series       = {NSDI'08},
  url          = {http://dl.acm.org/citation.cfm?id=1387589.1387610},
  numpages     = 16,
  acmid        = 1387610,
}
@inproceedings{ssp2008,
  title        = {Efficient Fine-grained Binary Instrumentationwith Applications to Taint-tracking},
  author       = {Saxena, Prateek and Sekar, R and Puranik, Varun},
  year         = 2008,
  booktitle    = {CGO},
  location     = {Boston, MA, USA},
  publisher    = {ACM},
  doi          = {10.1145/1356058.1356069},
  url          = {http://doi.acm.org/10.1145/1356058.1356069},
  longbooktitle = {Proceedings of the 6th Annual IEEE/ACM International Symposium on Code Generation and Optimization},
  longseries   = {CGO '08},
  numpages     = 10,
  acmid        = 1356069,
  keywords     = {binary analysis/rewriting, information flow, taint tracking},
}
@inproceedings{bss2008,
  title        = {{Securing Provenance}},
  author       = {Braun, Uri and Shinnar, Avraham and Seltzer, Margo},
  year         = 2008,
  booktitle    = {Proceedings of the 3rd USENIX Workshop on Hot Topics in Security (HotSec)},
  date-added   = {2008-12-16 01:38:23 -0500},
  date-modified = {2008-12-16 01:39:40 -0500},
}
@inproceedings{mal3,
  title        = {Bottracer: Execution-based bot-like malware detection},
  author       = {Liu, Lei and Chen, Songqing and Yan, Guanhua and Zhang, Zhao},
  year         = 2008,
  booktitle    = {International Conference on Information Security},
  organization = {Springer},
}
@article{hsw2009b,
  title        = {Preventing History Forgery with Secure Provenance},
  author       = {Hasan, Ragib and Sion, Radu and Winslett, Marianne},
  year         = 2009,
  month        = dec,
  journal      = {Trans. Storage},
  publisher    = {ACM},
  volume       = 5,
  doi          = {10.1145/1629080.1629082},
  issn         = {1553-3077},
  url          = {http://doi.acm.org/10.1145/1629080.1629082},
  issue_date   = {December 2009},
  articleno    = 12,
  numpages     = 43,
  acmid        = 1629082,
  keywords     = {audit, confidentiality, integrity, lineage, provenance, security},
}
@article{Chandola:2009,
  title        = {Anomaly Detection: A Survey},
  author       = {Chandola, Varun and Banerjee, Arindam and Kumar, Vipin},
  year         = 2009,
  journal      = {ACM Comput. Surv.},
}
@article{garcia2009anomaly,
  title        = {Anomaly-based network intrusion detection: Techniques, systems and challenges},
  author       = {Garcia-Teodoro, Pedro and Diaz-Verdejo, Jesus and Maci{\'a}-Fern{\'a}ndez, Gabriel and V{\'a}zquez, Enrique},
  year         = 2009,
  journal      = {computers \& security},
  publisher    = {Elsevier},
  volume       = 28,
}
@article{snap,
  title        = {Stanford network analysis package},
  author       = {Leskovec, Jure},
  year         = 2009,
  journal      = {Online, http://snap. stanford. edu},
}
@article{tripp2009taj,
  title        = {TAJ: effective taint analysis of web applications},
  author       = {Tripp, Omer and Pistoia, Marco and Fink, Stephen J and Sridharan, Manu and Weisman, Omri},
  year         = 2009,
  journal      = {ACM Sigplan Notices},
  publisher    = {ACM New York, NY, USA},
  volume       = 44,
}
@article{disk1,
  title        = {Effective digital forensic analysis of the NTFS disk image},
  author       = {Alazab, Mamoun and Venkatraman, Sitalakshmi and Watters, Paul},
  year         = 2009,
  journal      = {Ubiquitous Computing and Communication Journal},
  volume       = 4,
}
@inproceedings{gkz2009,
  title        = {Steps Toward Managing Lineage Metadata in Grid Clusters},
  author       = {Gehani, Ashish and Kim, Minyoung and Zhang, Jian},
  year         = 2009,
  booktitle    = tapp,
  location     = {San Francisco, CA},
  longbooktitle = tapp09,
  longmonth    = {February},
  longseries   = {TaPP'09},
}
@inproceedings{ga2009,
  title        = {{Perm: Processing Provenance and Data on the Same Data Model Through Query Rewriting}},
  author       = {Glavic, Boris and Alonso, Gustavo},
  year         = 2009,
  booktitle    = {ICDE},
  location     = {Shanghai, China},
  longbooktitle = {Proceedings of the 25th IEEE International Conference on Data Engineering},
  longseries   = {ICDE '09},
  longmonth    = mar,
}
@inproceedings{hsw2009,
  title        = {{The Case of the Fake Picasso: Preventing History Forgery with Secure Provenance}},
  author       = {Hasan, Ragib and Sion, Radu and Winslett, Marianne},
  year         = 2009,
  booktitle    = fast,
  longbooktitle = fast09,
  longmonth    = feb,
  longseries   = {FAST'09},
}
@inproceedings{kt2009,
  title        = {Noninterference for a Practical DIFC-Based Operating System},
  author       = {Krohn, M. and Tromer, E.},
  year         = 2009,
  booktitle    = oakland,
  doi          = {10.1109/SP.2009.23},
  issn         = {1081-6011},
  longmonth    = {May},
}
@inproceedings{mkb+2009,
  title        = {Layering in provenance systems},
  author       = {Muniswamy-Reddy, Kiran-Kumar and Braun, Uri and Holland, David A. and Macko, Peter and Maclean, Diana and Margo, Daniel and Seltzer, Margo and Smogor, Robin},
  year         = 2009,
  booktitle    = atc,
  location     = {San Diego, California},
  longbooktitle = atc09,
  longseries   = {ATC'09},
  longmonth    = jun,
}
@inproceedings{nxb+09,
  title        = {An Access Control Language for a General Provenance Model},
  author       = {Ni, Qun and Xu, Shouhuai and Elisa Bertino and Ravi Sandhu and Weili Han},
  year         = 2009,
  month        = aug,
  booktitle    = {Secure Data Management},
  date-modified = {2012-06-08 21:49:29 +0000},
}
@inproceedings{hsw2009a,
  title        = {{{SPROV} 2.0: A {Highly-Confgurable} {Platform-Independent} Library for Secure Provenance}},
  author       = {Ragib Hasan and Radu Sion and Marianne Winslett},
  year         = 2009,
  booktitle    = ccs,
  date-modified = {2012-06-06 22:28:20 +0000},
  lccn         = {0000},
  longmonth    = nov,
}
@inproceedings{ssy+2009,
  title        = {{Story Book}: An Efficient Extensible Provenance Framework},
  author       = {Spillane, R. and Sears, R. and Yalamanchili, C. and Gaikwad, S. and Chinni, M. and Zadok, E.},
  year         = 2009,
  month        = feb,
  booktitle    = tapp,
}
@inproceedings{Dalton-sec09,
  title        = {Nemesis: Preventing Authentication \& Access Control Vulnerabilities in Web Applications},
  author       = {Dalton, Michael and Kozyrakis, Christos and Zeldovich, Nickolai},
  year         = 2009,
  booktitle    = {SSYM},
  location     = {Montreal, Canada},
  publisher    = {USENIX Association},
  url          = {http://dl.acm.org/citation.cfm?id=1855768.1855785},
  longbooktitle = {Proceedings of the 18th Conference on USENIX Security Symposium},
  longseries   = {SSYM'09},
  numpages     = 16,
  acmid        = 1855785,
}
@inproceedings{morris2009svirt,
  title        = {{sVirt}: Hardening Linux virtualization with mandatory access control},
  author       = {Morris, James},
  year         = 2009,
  booktitle    = {Linux. conf. au Conference},
}
@inproceedings{5367701,
  title        = {Using a Fuzzy Inference System to Reduce False Positives in Intrusion Detection},
  author       = {G. P. Spathoulas and S. K. Katsikas},
  year         = 2009,
  booktitle    = {International Conference on Systems, Signals and Image Processing},
}
@inproceedings{xu+mining2009,
  title        = {Detecting large-scale system problems by mining console logs},
  author       = {Xu, Wei and Huang, Ling and Fox, Armando and Patterson, David and Jordan, Michael I},
  year         = 2009,
  booktitle    = sosp,
  organization = {ACM},
}
@inproceedings{fu2009execution,
  title        = {Execution anomaly detection in distributed systems through unstructured log analysis},
  author       = {Fu, Qiang and Lou, Jian-Guang and Wang, Yi and Li, Jiang},
  year         = 2009,
  booktitle    = {ICDM},
  organization = {IEEE},
}
@inproceedings{yavuz2009baf,
  title        = {Baf: An efficient publicly verifiable secure audit logging scheme for distributed systems},
  author       = {Yavuz, Attila Altay and Ning, Peng},
  year         = 2009,
  booktitle    = {2009 Annual Computer Security Applications Conference},
  organization = {IEEE},
}
@inproceedings{crosby2009efficient,
  title        = {Efficient Data Structures For Tamper-Evident Logging.},
  author       = {Crosby, Scott A and Wallach, Dan S},
  year         = 2009,
  booktitle    = {USENIX Security Symposium},
}
@inproceedings{park2009pres,
  title        = {Pres: probabilistic replay with execution sketching on multiprocessors},
  author       = {Park, Soyeon and Zhou, Yuanyuan and Xiong, Weiwei and Yin, Zuoning and Kaushik, Rini and Lee, Kyu H and Lu, Shan},
  year         = 2009,
  booktitle    = {Proceedings of the ACM SIGOPS 22nd symposium on Operating systems principles},
}
@inproceedings{altekar2009odr,
  title        = {ODR: Output-deterministic replay for multicore debugging},
  author       = {Altekar, Gautam and Stoica, Ion},
  year         = 2009,
  booktitle    = {Proceedings of the ACM SIGOPS 22nd symposium on Operating systems principles},
}
@inproceedings{mandl2009anubis,
  title        = {ANUBIS ANalyzing unknown BInarieS the automatic way},
  author       = {Mandl, Thomas and Bayer, Ulrich and Nentwich, Florian},
  year         = 2009,
  booktitle    = {Virus bulletin conference},
  volume       = 1,
}
@article{lyu2020threats,
  title={Threats to federated learning: A survey},
  author={Lyu, Lingjuan and Yu, Han and Yang, Qiang},
  journal={arXiv preprint arXiv:2003.02133},
  year={2020}
}
@inproceedings{nasr2019comprehensive,
  title={Comprehensive privacy analysis of deep learning: Passive and active white-box inference attacks against centralized and federated learning},
  author={Nasr, Milad and Shokri, Reza and Houmansadr, Amir},
  booktitle={2019 IEEE symposium on security and privacy (SP)},
  pages={739--753},
  year={2019},
  organization={IEEE}
}
@article{goldreich1998secure,
  title={Secure multi-party computation},
  author={Goldreich, Oded},
  journal={Manuscript. Preliminary version},
  volume={78},
  number={110},
  pages={1--108},
  year={1998},
  publisher={Citeseer}
}
@inproceedings{fiege1987zero,
  title={Zero knowledge proofs of identity},
  author={Fiege, Uriel and Fiat, Amos and Shamir, Adi},
  booktitle={Proceedings of the nineteenth annual ACM symposium on Theory of computing},
  pages={210--217},
  year={1987}
}
@inproceedings{mukherjee2023evading,
  title={Evading $\{$Provenance-Based$\}$$\{$ML$\}$ Detectors with Adversarial System Actions},
  author={Mukherjee, Kunal and Wiedemeier, Joshua and Wang, Tianhao and Wei, James and Chen, Feng and Kim, Muhyun and Kantarcioglu, Murat and Jee, Kangkook},
  booktitle={32nd USENIX Security Symposium (USENIX Security 23)},
  pages={1199--1216},
  year={2023}
}
@inproceedings{goyal2023sometimes,
  title={Sometimes, you aren’t what you do: Mimicry attacks against provenance graph host intrusion detection systems},
  author={Goyal, Akul and Han, Xueyuan and Wang, Gang and Bates, Adam},
  booktitle={30th Network and Distributed System Security Symposium},
  year={2023}
}
@book{yi2014homomorphic,
  title={Homomorphic encryption},
  author={Yi, Xun and Paulet, Russell and Bertino, Elisa and Yi, Xun and Paulet, Russell and Bertino, Elisa},
  year={2014},
  publisher={Springer}
}
@article{zari2021efficient,
  title={Efficient passive membership inference attack in federated learning},
  author={Zari, Oualid and Xu, Chuan and Neglia, Giovanni},
  journal={arXiv preprint arXiv:2111.00430},
  year={2021}
}
@inproceedings{beebe2009digital,
  title        = {Digital forensic research: The good, the bad and the unaddressed},
  author       = {Beebe, Nicole},
  year         = 2009,
  booktitle    = {IFIP International conference on digital forensics},
  organization = {Springer},
}
@inproceedings{saltaformaggio2016screen,
  title        = {Screen after Previous Screens:$\{$Spatial-Temporal\$\}\$ Recreation of Android App Displays from Memory Images},
  author       = {Saltaformaggio, Brendan and Bhatia, Rohit and Zhang, Xiangyu and Xu, Dongyan and Richard III, Golden G},
  year         = 2009,
  booktitle    = {USENIX Security Symposium},
}
@inproceedings{garfinkel2009automating,
  title        = {Automating disk forensic processing with SleuthKit, XML and Python},
  author       = {Garfinkel, Simson L},
  year         = 2009,
  booktitle    = {2009 Fourth International IEEE Workshop on Systematic Approaches to Digital Forensic Engineering},
  organization = {IEEE},
}
@inproceedings{mal1,
  title        = {Effective and efficient malware detection at the end host.},
  author       = {Kolbitsch, Clemens and Comparetti, Paolo Milani and Kruegel, Christopher and Kirda, Engin and Zhou, Xiao-yong and Wang, XiaoFeng},
  year         = 2009,
  booktitle    = {USENIX Security Symposium},
  volume       = 4,
}
@inproceedings{Parno-oakland09,
  title        = {CLAMP: Practical Prevention of Large-Scale Data Leaks},
  author       = {Parno, Bryan and McCune, Jonathan M. and Wendlandt, Dan and Andersen, David G. and Perrig, Adrian},
  year         = 2009,
  booktitle    = {SP},
  publisher    = {IEEE Computer Society},
  doi          = {10.1109/SP.2009.21},
  url          = {http://dx.doi.org/10.1109/SP.2009.21},
  longbooktitle = {Proceedings of the 2009 30th IEEE Symposium on Security and Privacy},
  longseries   = {SP '09},
  numpages     = 16,
  acmid        = 1608131,
}
@inproceedings{cheney2009provenance,
  title        = {Provenance: a future history},
  author       = {Cheney, James and Chong, Stephen and Foster, Nate and Seltzer, Margo and Vansummeren, Stijn},
  year         = 2009,
  booktitle    = {OOPSLA},
  longbooktitle = {Proceedings of the 24th ACM SIGPLAN conference companion on Object oriented programming systems languages and applications},
  longorganization = {ACM},
}
@article{settles2009active,
  title        = {Active learning literature survey},
  author       = {Settles, Burr},
  year         = 2009,
  publisher    = {University of Wisconsin-Madison Department of Computer Sciences},
}
@article{mks2010,
  title        = {Provenance As First Class Cloud Data},
  author       = {Muniswamy-Reddy, Kiran-Kumar and Seltzer, Margo},
  year         = 2010,
  month        = jan,
  journal      = {SIGOPS Oper. Syst. Rev.},
  publisher    = {ACM},
  volume       = 43,
  doi          = {10.1145/1713254.1713258},
  issn         = {0163-5980},
  url          = {http://doi.acm.org/10.1145/1713254.1713258},
  issue_date   = {January 2010},
  numpages     = 6,
  acmid        = 1713258,
}
@article{hrs+2010,
  title        = {A Logical Specification and Analysis for SELinux MLS Policy},
  author       = {Hicks, Boniface and Rueda, Sandra and St.Clair, Luke and Jaeger, Trent and McDaniel, Patrick},
  year         = 2010,
  month        = jul,
  journal      = {ACM Trans. Inf. Syst. Secur.},
  publisher    = {ACM},
  volume       = 13,
  doi          = {10.1145/1805874.1805982},
  issn         = {1094-9224},
  url          = {http://doi.acm.org/10.1145/1805874.1805982},
  issue_date   = {July 2010},
  articleno    = 26,
  numpages     = 31,
  acmid        = 1805982,
  keywords     = {SELinux, multilevel security, policy analysis, policy compliance},
}
@article{5383371,
  title        = {Program Behavior Discovery and Verification: A Graph Grammar Approach},
  author       = {C. Zhao and J. Kong and K. Zhang},
  year         = 2010,
  journal      = {IEEE Transactions on Software Engineering},
  volume       = 36,
}
@book{de2010grammatical,
  title        = {Grammatical inference: learning automata and grammars},
  author       = {De la Higuera, Colin},
  year         = 2010,
  publisher    = {Cambridge University Press},
}
@incollection{ays2010,
  title        = {StarFlow: A Script-Centric Data Analysis Environment},
  author       = {Angelino, Elaine and Yamins, Daniel and Seltzer, Margo},
  year         = 2010,
  booktitle    = {Provenance and Annotation of Data and Processes},
  publisher    = {Springer Berlin Heidelberg},
  series       = {Lecture Notes in Computer Science},
  volume       = 6378,
  doi          = {10.1007/978-3-642-17819-1\_27},
  url          = {http://dx.doi.org/10.1007/978-3-642-17819-1\_27},
  editor       = {McGuinness, DeborahL. and Michaelis, JamesR. and Moreau, Luc},
  keywords     = {automatic parallelization; automatic updating; computational workflows; control flow; data-flow; data analysis; dependency tracking; provenance; Python; workflow abstraction},
  language     = {English},
}
@inproceedings{egc+2010,
  title        = {{TaintDroid}: An Information-flow Tracking System for Realtime Privacy Monitoring on Smartphones},
  author       = {Enck, William and Gilbert, Peter and Chun, Byung-Gon and Cox, Landon P. and Jung, Jaeyeon and McDaniel, Patrick and Sheth, Anmol N.},
  year         = 2010,
  booktitle    = osdi,
  location     = {Vancouver, BC, Canada},
  longbooktitle = osdi10,
  longseries   = {OSDI'10},
  longmonth    = oct,
}
@inproceedings{gbm+2010,
  title        = {Fine-grained Tracking of Grid Infections},
  author       = {Gehani, A. and Baig, B. and Mahmood, S. and Tariq, D. and Zaffar, F.},
  year         = 2010,
  booktitle    = {GRID},
  location     = {Brussels, Belgium},
  longbooktitle = grid10,
  longmonth    = {Oct},
  longseries   = {GRID'10},
}
@inproceedings{gk2010,
  title        = {Mendel: Efficiently Verifying the Lineage of Data Modified in Multiple Trust Domains},
  author       = {Gehani, Ashish and Kim, Minyoung},
  year         = 2010,
  booktitle    = {HPDC},
  location     = {Chicago, Illinois},
  longbooktitle = hpdc10,
  longmonth    = {June},
  longseries   = {HPDC'10},
}
@inproceedings{lm2010,
  title        = {Trusted Computing and Provenance: Better Together},
  author       = {Lyle, John and Martin, Andrew},
  year         = 2010,
  booktitle    = tapp,
  location     = {San Jose, California},
  longbooktitle = tapp10,
  longmonth    = feb,
  longseries   = {TaPP'10},
}
@inproceedings{mbm+2010,
  title        = {Towards a Secure and Efficient System for End-to-End Provenance},
  author       = {McDaniel, P. and Butler, K. and McLaughlin, S. and Sion, R. and Zadok, E. and Winslett, M.},
  year         = 2010,
  month        = feb,
  booktitle    = tapp,
  organization = {USENIX Association},
}
@inproceedings{hrk+2010,
  title        = {An Architecture for Enforcing End-to-end Access Control over Web Applications},
  author       = {Hicks, Boniface and Rueda, Sandra and King, Dave and Moyer, Thomas and Schiffman, Joshua and Sreenivasan, Yogesh and McDaniel, Patrick and Jaeger, Trent},
  year         = 2010,
  booktitle    = {Proceedings of the 15th ACM Symposium on Access Control Models and Technologies},
  location     = {Pittsburgh, Pennsylvania, USA},
  publisher    = {ACM},
  series       = {SACMAT '10},
  doi          = {10.1145/1809842.1809870},
  url          = {http://doi.acm.org/10.1145/1809842.1809870},
  numpages     = 10,
  acmid        = 1809870,
  keywords     = {access control, policy compliance},
}
@inproceedings{kim2010,
  title        = {Intrusion Recovery Using Selective Re-execution},
  author       = {Kim, Taesoo and Wang, Xi and Zeldovich, Nickolai and Kaashoek, M. Frans},
  year         = 2010,
  booktitle    = osdi,
  publisher    = {USENIX Association},
  url          = {http://dl.acm.org/citation.cfm?id=1924943.1924950},
  longbooktitle = {Proceedings of the 9th USENIX Conference on Operating Systems Design and Implementation},
  longseries   = {OSDI'10},
  longlocation = {Vancouver, BC, Canada},
  longpages    = {89--104},
  longnumpages = 16,
  acmid        = 1924950,
  longaddress  = {Berkeley, CA, USA},
}
@inproceedings{5504793,
  title        = {Outside the Closed World: On Using Machine Learning for Network Intrusion Detection},
  author       = {R. Sommer and V. Paxson},
  year         = 2010,
  booktitle    = oakland,
}
@inproceedings{malewicz2010pregel,
  title        = {Pregel: a system for large-scale graph processing},
  author       = {Malewicz, Grzegorz and Austern, Matthew H and Bik, Aart JC and Dehnert, James C and Horn, Ilan and Leiser, Naty and Czajkowski, Grzegorz},
  year         = 2010,
  booktitle    = {ACM SIGMOD},
}
@inproceedings{zhou2010efficient,
  title        = {Efficient querying and maintenance of network provenance at internet-scale},
  author       = {Zhou, Wenchao and Sherr, Micah and Tao, Tao and Li, Xiaozhou and Loo, Boon Thau and Mao, Yun},
  year         = 2010,
  booktitle    = {ACM SIGMOD},
}
@inproceedings{yuan+sherlog2010,
  title        = {{SherLog}: Error diagnosis by connecting clues from run-time logs},
  author       = {Yuan, Ding and Mai, Haohui and Xiong, Weiwei and Tan, Lin and Zhou, Yuanyuan and Pasupathy, Shankar},
  year         = 2010,
  booktitle    = {ASPLOS},
  organization = {ACM},
}
@inproceedings{mal2,
  title        = {Accessminer: using system-centric models for malware protection},
  author       = {Lanzi, Andrea and Balzarotti, Davide and Kruegel, Christopher and Christodorescu, Mihai and Kirda, Engin},
  year         = 2010,
  booktitle    = {Proceedings of the 17th ACM conference on Computer and communications security},
}
@inproceedings{zst+2010,
  title        = {{Efficient Querying and Maintenance of Network Provenance at Internet-Scale}},
  author       = {Wenchao Zhou and Micah Sherr and Tao Tao and Xiaozhou Li and Boon Thau Loo and Yun Mao},
  year         = 2010,
  month        = {June},
  booktitle    = sigmod-long,
  date-added   = {2010-02-05 22:18:12 -0500},
  date-modified = {2010-02-05 22:18:33 -0500},
  keywords     = {me, databases},
}
@inproceedings{mikolov2010recurrent,
  title        = {Recurrent neural network based language model.},
  author       = {Mikolov, Tomas and Karafi{\'a}t, Martin and Burget, Lukas and Cernock{\`y}, Jan and Khudanpur, Sanjeev},
  year         = 2010,
  booktitle    = {Interspeech},
  volume       = 2,
  organization = {Makuhari},
}
@article{gm2011,
  title        = {Representing Distributed Systems Using the Open Provenance Model},
  author       = {Groth, Paul and Moreau, Luc},
  year         = 2011,
  journal      = {Future Gener. Comput. Syst.},
  publisher    = {Elsevier Science Publishers B. V.},
  volume       = 27,
  doi          = {10.1016/j.future.2010.10.001},
  issn         = {0167-739X},
  url          = {http://dx.doi.org/10.1016/j.future.2010.10.001},
  issue_date   = {June, 2011},
  numpages     = 9,
  acmid        = 1967932,
  longmonth    = jun,
  keywords     = {Distributed systems, OPM profile, Provenance},
}
@article{mcf+2011,
  title        = {{The Open Provenance Model Core Specification (v1. 1)}},
  author       = {Moreau, Luc and Clifford, Ben and Freire, Juliana and Futrelle, Joe and Gil, Yolanda and Groth, Paul and Kwasnikowska, Natalia and Miles, Simon and Missier, Paolo and Myers, Jim and others},
  year         = 2011,
  journal      = {Future Generation Computer Systems},
  publisher    = {Elsevier},
  volume       = 27,
}
@article{zjj+2011,
  title        = {{TaintEraser}: Protecting Sensitive Data Leaks Using Application-level Taint Tracking},
  author       = {Zhu, David (Yu) and Jung, Jaeyeon and Song, Dawn and Kohno, Tadayoshi and Wetherall, David},
  year         = 2011,
  month        = feb,
  journal      = {SIGOPS Oper. Syst. Rev.},
  publisher    = {ACM},
  volume       = 45,
  doi          = {10.1145/1945023.1945039},
  issn         = {0163-5980},
  url          = {http://doi.acm.org/10.1145/1945023.1945039},
  issue_date   = {January 2011},
  numpages     = 13,
  acmid        = 1945039,
  keywords     = {dynamic information flow tracking, privacy, sensitive data protection},
}
@article{hutchins2011intelligence,
  title        = {Intelligence-driven computer network defense informed by analysis of adversary campaigns and intrusion kill chains},
  author       = {Hutchins, Eric M and Cloppert, Michael J and Amin, Rohan M},
  year         = 2011,
  journal      = {Leading Issues in Information Warfare \& Security Research},
  volume       = 1,
}
@article{zeldovich2011making,
  title        = {Making information flow explicit in HiStar},
  author       = {Zeldovich, Nickolai and Boyd-Wickizer, Silas and Kohler, Eddie and Mazieres, David},
  year         = 2011,
  journal      = {Communications of the ACM},
  booktitle    = osdi,
  location     = {Seattle, WA},
  publisher    = {ACM New York, NY, USA},
  volume       = 54,
  longbooktitle = osdi06,
  longmonth    = nov,
  longseries   = {OSDI'06},
}
@article{anderson2011graph,
  title        = {Graph-based malware detection using dynamic analysis},
  author       = {Anderson, Blake and Quist, Daniel and Neil, Joshua and Storlie, Curtis and Lane, Terran},
  year         = 2011,
  journal      = {Journal in computer Virology},
  publisher    = {Springer},
  volume       = 7,
}
@inproceedings{jsd+2011,
  title        = {Tracking Emigrant Data via Transient Provenance},
  author       = {Stephanie N. Jones and Christina R. Strong and Darrell D. E. Long and Ethan L. Miller},
  year         = 2011,
  booktitle    = tapp,
  longbooktitle = tapp11,
  longseries   = {TAPP'11},
  longmonth    = jun,
}
@inproceedings{xkd+2011,
  title        = {Compressing Provenance Graphs},
  author       = {Xie, Yulai and Muniswamy-Reddy, Kiran-Kumar and Long, Darrell D. E.  and Amer, Ahmed  and Feng, Dan  and Tan, Zhipeng},
  year         = 2011,
  month        = {June},
  booktitle    = tapp,
  location     = {Heraklion, Crete, Greece},
  series       = {TAPP'11},
}
@inproceedings{jsd+2011-integration,
  title        = {Provenance Integration Requires Reconciliation},
  author       = {Seltzer, Margo I. and Angelino, Elaine Lee and Braun, Uri Jacob and Holland, David A and Macko, Peter and Margo, Daniel Wyatt},
  year         = 2011,
  month        = jun,
  booktitle    = tapp,
  series       = {TAPP'11},
}
@inproceedings{chandra2011,
  title        = {Intrusion Recovery for Database-backed Web Applications},
  author       = {Chandra, Ramesh and Kim, Taesoo and Shah, Meelap and Narula, Neha and Zeldovich, Nickolai},
  year         = 2011,
  booktitle    = sosp,
  location     = {Cascais, Portugal},
  publisher    = {ACM},
  series       = {SOSP '11},
  doi          = {10.1145/2043556.2043567},
  url          = {http://doi.acm.org/10.1145/2043556.2043567},
  numpages     = 14,
  acmid        = 2043567,
}
@inproceedings{zfn+2011,
  title        = {Secure Network Provenance},
  author       = {Wenchao Zhou and Qiong Fei and Arjun Narayan and Andreas Haeberlen and Boon Thau Loo and Micah Sherr},
  year         = 2011,
  booktitle    = sosp,
  location     = {Cascais, Portugal},
  longbooktitle = sosp11,
  longseries   = {SOSP'11},
  longmonth    = oct,
}
@inproceedings{burguera2011crowdroid,
  title        = {Crowdroid: behavior-based malware detection system for android},
  author       = {Burguera, Iker and Zurutuza, Urko and Nadjm-Tehrani, Simin},
  year         = 2011,
  booktitle    = {Proceedings of the 1st ACM workshop on Security and privacy in smartphones and mobile devices},
  organization = {ACM},
}
@inproceedings{macko2011provenance,
  title        = {Provenance map orbiter: Interactive exploration of large provenance graphs.},
  author       = {Macko, Peter and Seltzer, Margo},
  year         = 2011,
  booktitle    = tapp,
}
@inproceedings{cui2011efficient,
  title        = {Efficient deterministic multithreading through schedule relaxation},
  author       = {Cui, Heming and Wu, Jingyue and Gallagher, John and Guo, Huayang and Yang, Junfeng},
  year         = 2011,
  booktitle    = {ACM Symposium on Operating Systems Principles (SOSP)},
}
@inproceedings{lin2011siggraph,
  title        = {SigGraph: Brute Force Scanning of Kernel Data Structure Instances Using Graph-based Signatures.},
  author       = {Lin, Zhiqiang and Rhee, Junghwan and Zhang, Xiangyu and Xu, Dongyan and Jiang, Xuxian},
  year         = 2011,
  booktitle    = {NDSS},
}
@inproceedings{tbg+2011,
  title        = {{Identifying the Provenance of Correlated Anomalies}},
  author       = {Tariq, Dawood and Baig, Basim and Gehani, Ashish and Mahmood, Salman and Tahir, Rashid and Aqil, Azeem and Zaffar, Fareed},
  year         = 2011,
  booktitle    = {SAC},
  location     = {TaiChung, Taiwan},
  longbooktitle = sac11,
  longmonth    = mar,
  longseries   = {SAC '11},
}
@inproceedings{rabkin:11,
  title        = {{Static Extraction of Program Configuration Options}},
  author       = {Ariel Rabkin and Randy Katz},
  year         = 2011,
  booktitle    = {ICSE},
}
@inproceedings{rabkin2:11,
  title        = {{Precomputing Possible Configuration Error Diagnosis}},
  author       = {Ariel Rabkin and Randy Katz},
  year         = 2011,
  booktitle    = {ASE},
}
@inproceedings{isohara2011kernel,
  title        = {Kernel-based behavior analysis for android malware detection},
  author       = {Isohara, Takamasa and Takemori, Keisuke and Kubota, Ayumu},
  year         = 2011,
  booktitle    = {2011 seventh international conference on computational intelligence and security},
  organization = {IEEE},
}
@inproceedings{zolkipli2011approach,
  title        = {An approach for malware behavior identification and classification},
  author       = {Zolkipli, Mohamad Fadli and Jantan, Aman},
  year         = 2011,
  booktitle    = {2011 3rd international conference on computer research and development},
  volume       = 1,
  organization = {IEEE},
}
@article{Babic:2012:RMS,
  title        = {Recognizing Malicious Software Behaviors with Tree Automata Inference},
  author       = {Babi\'{c}, Domagoj and Reynaud, Daniel and Song, Dawn},
  year         = 2012,
  journal      = {Form. Methods Syst. Des.},
  publisher    = {Kluwer Academic Publishers},
  volume       = 41,
  url          = {http://dx.doi.org/10.1007/s10703-012-0149-1},
  issue_date   = {August    2012},
  numpages     = 22,
  acmid        = 2339147,
}
@article{zhou2012distributed,
  title        = {Distributed time-aware provenance},
  author       = {Zhou, Wenchao and Mapara, Suyog and Ren, Yiqing and Li, Yang and Haeberlen, Andreas and Ives, Zachary and Loo, Boon Thau and Sherr, Micah},
  year         = 2012,
  journal      = vldb,
}
@article{erlingsson+fay2012,
  title        = {Fay: Extensible Distributed Tracing from Kernels to Clusters},
  author       = {Erlingsson, \'{U}lfar and Peinado, Marcus and Peter, Simon and Budiu, Mihai and Mainar-Ruiz, Gloria},
  year         = 2012,
  journal      = {ACM Trans. Comput. Syst.},
  volume       = 30,
  issue_date   = {November 2012},
}
@article{logenhancer+yuan2012,
  title        = {Improving software diagnosability via log enhancement},
  author       = {Yuan, Ding and Zheng, Jing and Park, Soyeon and Zhou, Yuanyuan and Savage, Stefan},
  year         = 2012,
  journal      = {ACM TOCS},
  volume       = 30,
}
@article{oliner2012advances,
  title        = {Advances and challenges in log analysis},
  author       = {Oliner, Adam and Ganapathi, Archana and Xu, Wei},
  year         = 2012,
  journal      = {Communications of the ACM},
  publisher    = {ACM},
  volume       = 55,
}
@inproceedings{gt2012,
  title        = {{SPADE}: Support for provenance auditing in distributed environments},
  author       = {Gehani, Ashish and Tariq, Dawood},
  year         = 2012,
  booktitle    = {{ACM/IFIP/USENIX} International Conference on Distributed Systems Platforms and Open Distributed Processing},
  location     = {Montreal, Quebec, Canada},
  organization = {Springer},
  longbooktitle = middleware12,
  longmonth    = {Dec},
  longseries   = {Middleware '12},
}
@inproceedings{ms2012,
  title        = {{A General-purpose Provenance Library}},
  author       = {Macko, Peter and Seltzer, Margo},
  year         = 2012,
  booktitle    = tapp,
  location     = {Boston, MA},
  longbooktitle = tapp12,
  longmonth    = jun,
  longseries   = {TaPP'12},
}
@inproceedings{pmm+2012,
  title        = {{Hi-Fi}: Collecting High-Fidelity Whole-System Provenance},
  author       = {Pohly, D.J. and McLaughlin, S. and McDaniel, P. and Butler, K.},
  year         = 2012,
  booktitle    = acsac,
  longaddress  = {Orlando, FL, USA},
  longbooktitle = acsac12,
  longseries   = {ACSAC'12},
}
@inproceedings{nps12,
  title        = {Dependency Path Patterns As the Foundation of Access Control in Provenance-aware Systems},
  author       = {Nguyen, Dang and Park, Jaehong and Sandhu, Ravi},
  year         = 2012,
  booktitle    = tapp,
  location     = {Boston, MA},
  publisher    = {USENIX Association},
  url          = {http://dl.acm.org/citation.cfm?id=2342875.2342879},
  acmid        = 2342879,
  longbooktitle = {Proceedings of the 4th USENIX Conference on Theory and Practice of Provenance},
  numpages     = 1,
  longseries   = {TaPP'12},
  bdsk-url-1   = {http://dl.acm.org/citation.cfm?id=2342875.2342879},
}
@inproceedings{pds12,
  title        = {A Provenance-Based Access Control Model},
  author       = {Jaehong Park and Dang Nguyen and Sandhu, R.},
  year         = 2012,
  booktitle    = {PST},
  doi          = {10.1109/PST.2012.6297930},
  longbooktitle = {Proceedings of the 10th Annual International Conference on Privacy, Security and Trust (PST)},
  keywords     = {authorisation;information science;access control administration;access control policy specification;data provenance information;dependency notion;dependency-based policy;dynamic duty separation;object versioning;origin-based control;provenance data protection;provenance-based access control model;security enhancement;workflow control;Authorization;Computational modeling;Data models;Grammar;History},
  bdsk-url-1   = {http://dx.doi.org/10.1109/PST.2012.6297930},
}
@inproceedings{xft+2012,
  title        = {A Hybrid Approach for Efficient Provenance Storage},
  author       = {Xie, Yulai and Feng, Dan and Tan, Zhipeng and Chen, Lei and Muniswamy-Reddy, Kiran-Kumar and Li, Yan and Long, Darrell D.E.},
  year         = 2012,
  booktitle    = {CIKM},
  location     = {Maui, Hawaii, USA},
  longbooktitle = {Proceedings of the 21st ACM International Conference on Information and Knowledge Management},
  longseries   = {CIKM '12},
  organization = {ACM},
}
@inproceedings{fleming-icc12,
  title        = {Data Tethers: Preventing information leakage by enforcing environmental data access policies},
  author       = {Fleming, C. and Peterson, P. and Kline, E. and Reiher, P.},
  year         = 2012,
  booktitle    = icc,
  doi          = {10.1109/ICC.2012.6364368},
  issn         = {1550-3607},
  longbooktitle = {Communications (ICC), 2012 IEEE International Conference on},
  longmonth    = {June},
  keywords     = {computer network security;information retrieval;mobile computing;data protection;data tethers;dynamic recompilation;environmental data access policies;fine-grain data flow tracking;information leakage prevention;legacy applications;mobile computing;real user applications;security requirements;spreadsheets;word processors;Benchmark testing;Cryptography;Instruments;Monitoring;Operating systems;Servers},
}
@inproceedings{llvmtracer,
  title        = {Towards Automated Collection of Application-Level Data Provenance},
  author       = {Dawood Tariq and  Maisem Ali and Ashish Gehani},
  year         = 2012,
  booktitle    = tapp,
  publisher    = {{USENIX}},
}
@inproceedings{uniprov,
  title        = {Towards a Universal Data Provenance Framework Using Dynamic Instrumentation},
  author       = {Gessiou, Eleni and Pappas, Vasilis and Athanasopoulos, Elias and Keromytis, Angelos D. and Ioannidis, Sotiris},
  year         = 2012,
  booktitle    = {Information Security and Privacy Research},
  publisher    = {Springer Berlin Heidelberg},
  editor       = {Gritzalis, Dimitris and Furnell, Steven and Theoharidou, Marianthi},
}
@inproceedings{ediger2012stinger,
  title        = {Stinger: High performance data structure for streaming graphs},
  author       = {Ediger, David and McColl, Rob and Riedy, Jason and Bader, David A},
  year         = 2012,
  booktitle    = {Conference on High Performance Extreme Computing},
  organization = {IEEE},
}
@inproceedings{kemerlis2012libdft,
  title        = {libdft: Practical dynamic data flow tracking for commodity systems},
  author       = {Kemerlis, Vasileios P and Portokalidis, Georgios and Jee, Kangkook and Keromytis, Angelos D},
  year         = 2012,
  booktitle    = {Proceedings of the 8th ACM SIGPLAN/SIGOPS conference on Virtual Execution Environments},
}
@inproceedings{lin2012dimsum,
  title        = {Dimsum: Discovering semantic data of interest from un-mappable memory with confidence},
  author       = {Lin, Zhiqiang and Rhee, Junghwan and Wu, Chao and Zhang, Xiangyu and Xu, Dongyan},
  year         = 2012,
  booktitle    = {NDSS},
}
@article{gyanchandani2012taxonomy,
  title        = {Taxonomy of anomaly based intrusion detection system: a review},
  author       = {Gyanchandani, Manasi and Rana, JL and Yadav, RN},
  year         = 2012,
  journal      = {International Journal of Scientific and Research Publications},
  publisher    = {Citeseer},
  volume       = 2,
}
@article{xmf+2013,
  title        = {Evaluation of a Hybrid Approach for Efficient Provenance Storage},
  author       = {Xie, Yulai and Muniswamy-Reddy, Kiran-Kumar and Feng, Dan and Li, Yan and Long, Darrell D. E.},
  year         = 2013,
  month        = nov,
  journal      = {Trans. Storage},
  publisher    = {ACM},
  volume       = 9,
  doi          = {10.1145/2501986},
  issn         = {1553-3077},
  url          = {http://doi.acm.org/10.1145/2501986},
  issue_date   = {November 2013},
  articleno    = 14,
  numpages     = 29,
  acmid        = 2501986,
  keywords     = {Provenance graphs, Web compression, dictionary encoding, storage},
}
@article{kgi+2013,
  title        = {Collaborative Data Sharing via Update Exchange and Provenance},
  author       = {Karvounarakis, Grigoris and Green, Todd J. and Ives, Zachary G. and Tannen, Val},
  year         = 2013,
  month        = sep,
  journal      = {ACM Trans. Database Syst.},
  publisher    = {ACM},
  volume       = 38,
  doi          = {10.1145/2500127},
  issn         = {0362-5915},
  url          = {http://doi.acm.org/10.1145/2500127},
  issue_date   = {August 2013},
  articleno    = 19,
  numpages     = 42,
  acmid        = 2500127,
  keywords     = {Data exchange, data provenance, schema mappings, systems, update exchange},
}
@article{jiang2013survey,
  title        = {A survey of frequent subgraph mining algorithms},
  author       = {Jiang, Chuntao and Coenen, Frans and Zito, Michele},
  year         = 2013,
  journal      = {The Knowledge Engineering Review},
  publisher    = {Cambridge Univ Press},
  volume       = 28,
}
@article{islam2013classification,
  title        = {Classification of malware based on integrated static and dynamic features},
  author       = {Islam, Rafiqul and Tian, Ronghua and Batten, Lynn M and Versteeg, Steve},
  year         = 2013,
  journal      = {Journal of Network and Computer Applications},
  publisher    = {Elsevier},
  volume       = 36,
}
@article{huang2013clap,
  title        = {Clap: Recording local executions to reproduce concurrency failures},
  author       = {Huang, Jeff and Zhang, Charles and Dolby, Julian},
  year         = 2013,
  journal      = {Acm Sigplan Notices},
  publisher    = {ACM New York, NY, USA},
  volume       = 48,
}
@article{willems2013cxpinspector,
  title        = {Cxpinspector: Hypervisor-based, hardware-assisted system monitoring},
  author       = {Willems, Carsten and Hund, Ralf and Holz, Thorsten},
  year         = 2013,
  journal      = {Ruhr-Universitat Bochum, Tech. Rep},
}
@inproceedings{lzx2013,
  title        = {High accuracy attack provenance via binary-based execution partition},
  author       = {Lee, Kyu Hyung and Zhang, Xiangyu and Xu, Dongyan},
  year         = 2013,
  booktitle    = ndss,
  location     = {San Diego, CA},
  longbooktitle = {Proceedings of the 20th ISOC Network and Distributed System Security Symposium},
  longseries   = {NDSS'13},
  longmonth    = feb,
}
@inproceedings{lee2013loggc,
  title        = {Log{GC}: Garbage collecting audit log},
  author       = {Kyu Hyung Lee and Xiangyu Zhang and Dongyan Xu},
  year         = 2013,
  booktitle    = ccs,
}
@inproceedings{Beehive2013,
  title        = {Beehive: Large-scale Log Analysis for Detecting Suspicious Activity in Enterprise Networks},
  author       = {Yen, Ting-Fang and Oprea, Alina and Onarlioglu, Kaan and Leetham, Todd and Robertson, William and Juels, Ari and Kirda, Engin},
  year         = 2013,
  booktitle    = acsac,
}
@inproceedings{loggc,
  title        = {LogGC: garbage collecting audit log},
  author       = {Lee, Kyu Hyung and Zhang, Xiangyu and Xu, Dongyan},
  year         = 2013,
  booktitle    = {CCS},
  longbooktitle = {Proceedings of the 2013 ACM SIGSAC conference on Computer \&\#38; communications security},
  longseries   = {CCS '13},
  longpages    = {1005--1016},
  numpages     = 12,
}
@inproceedings{nishtala2013scaling,
  title        = {Scaling memcache at facebook},
  author       = {Nishtala, Rajesh and Fugal, Hans and Grimm, Steven and Kwiatkowski, Marc and Lee, Herman and Li, Harry C and McElroy, Ryan and Paleczny, Mike and Peek, Daniel and Saab, Paul and others},
  year         = 2013,
  booktitle    = {10th USENIX Symposium on Networked Systems Design and Implementation (NSDI 13)},
}
@inproceedings{zheng2013droid,
  title        = {Droid analytics: a signature based analytic system to collect, extract, analyze and associate android malware},
  author       = {Zheng, Min and Sun, Mingshen and Lui, John CS},
  year         = 2013,
  booktitle    = {2013 12th IEEE International Conference on Trust, Security and Privacy in Computing and Communications},
  organization = {IEEE},
}
@inproceedings{jee2013shadowreplica,
  title        = {ShadowReplica: efficient parallelization of dynamic data flow tracking},
  author       = {Jee, Kangkook and Kemerlis, Vasileios P and Keromytis, Angelos D and Portokalidis, Georgios},
  year         = 2013,
  booktitle    = {CCS},
}
@inproceedings{bauer2013data,
  title        = {Data provenance in the Internet of things},
  author       = {Bauer, Sabine and Schreckling, Daniel},
  year         = 2013,
}
@inproceedings{zhang:13,
  title        = {{Automated Diagnosis of Software Configuration Errors}},
  author       = {Sai Zhang and Michael D. Ernst},
  year         = 2013,
  month        = MAY,
  booktitle    = {Proceedings of the 35th International Conference on Software Engineering (ICSE'13)},
}
@article{mikolov2013efficient,
  title        = {Efficient estimation of word representations in vector space},
  author       = {Mikolov, Tomas and Chen, Kai and Corrado, Greg and Dean, Jeffrey},
  year         = 2013,
  journal      = {arXiv preprint arXiv:1301.3781},
}
@article{munoz2019byzantine,
  title={Byzantine-robust federated machine learning through adaptive model averaging},
  author={Mu{\~n}oz-Gonz{\'a}lez, Luis and Co, Kenneth T and Lupu, Emil C},
  journal={arXiv preprint arXiv:1909.05125},
  year={2019}
}
@article{madry2017towards,
  title={Towards deep learning models resistant to adversarial attacks},
  author={Madry, Aleksander and Makelov, Aleksandar and Schmidt, Ludwig and Tsipras, Dimitris and Vladu, Adrian},
  journal={arXiv preprint arXiv:1706.06083},
  year={2017}
}
@article{tramer2019adversarial,
  title={Adversarial training and robustness for multiple perturbations},
  author={Tramer, Florian and Boneh, Dan},
  journal={Advances in neural information processing systems},
  volume={32},
  year={2019}
}
@inproceedings{jagielski2018manipulating,
  title={Manipulating machine learning: Poisoning attacks and countermeasures for regression learning},
  author={Jagielski, Matthew and Oprea, Alina and Biggio, Battista and Liu, Chang and Nita-Rotaru, Cristina and Li, Bo},
  booktitle={2018 IEEE symposium on security and privacy (SP)},
  pages={19--35},
  year={2018},
  organization={IEEE}
}
@article{chakraborty2021survey,
  title={A survey on adversarial attacks and defences},
  author={Chakraborty, Anirban and Alam, Manaar and Dey, Vishal and Chattopadhyay, Anupam and Mukhopadhyay, Debdeep},
  journal={CAAI Transactions on Intelligence Technology},
  volume={6},
  number={1},
  pages={25--45},
  year={2021},
  publisher={Wiley Online Library}
}
@article{cab+2014,
  title        = {A Primer on Provenance},
  author       = {Carata, Lucian and Akoush, Sherif and Balakrishnan, Nikilesh and Bytheway, Thomas and Sohan, Ripduman and Seltzer, Margo and Hopper, Andy},
  year         = 2014,
  month        = may,
  journal      = {Communications of the ACM},
  publisher    = {ACM},
  volume       = 57,
  doi          = {10.1145/2596628},
  issn         = {0001-0782},
  url          = {http://doi.acm.org/10.1145/2596628},
  issue_date   = {May 2014},
  numpages     = 9,
  acmid        = 2596628,
}

@inproceedings{kanagavelu2020two,
  title={Two-phase multi-party computation enabled privacy-preserving federated learning},
  author={Kanagavelu, Renuga and Li, Zengxiang and Samsudin, Juniarto and Yang, Yechao and Yang, Feng and Goh, Rick Siow Mong and Cheah, Mervyn and Wiwatphonthana, Praewpiraya and Akkarajitsakul, Khajonpong and Wang, Shangguang},
  booktitle={2020 20th IEEE/ACM International Symposium on Cluster, Cloud and Internet Computing (CCGRID)},
  pages={410--419},
  year={2020},
  organization={IEEE}
}
@article{agr+2014,
  title        = {A Generic Provenance Middleware for Database Queries, Updates, and Transactions},
  author       = {Arab, B and Gawlick, Dieter and Radhakrishnan, Venkatesh and Guo, Hao and Glavic, Boris},
  year         = 2014,
  month        = jun,
  booktitle    = tapp,
  location     = {Cologne, Germany},
  series       = {TaPP'14},
}
@article{wu2022federated,
  title={A federated graph neural network framework for privacy-preserving personalization},
  author={Wu, Chuhan and Wu, Fangzhao and Lyu, Lingjuan and Qi, Tao and Huang, Yongfeng and Xie, Xing},
  journal={Nature Communications},
  volume={13},
  number={1},
  pages={3091},
  year={2022},
  publisher={Nature Publishing Group UK London}
}
@article{wu2014diagnosing,
  title        = {Diagnosing missing events in distributed systems with negative provenance},
  author       = {Wu, Yang and Zhao, Mingchen and Haeberlen, Andreas and Zhou, Wenchao and Loo, Boon Thau},
  year         = 2014,
  journal      = {ACM SIGCOMM Computer Communication Review},
}
@book{ligh2014art,
  title        = {The art of memory forensics: detecting malware and threats in windows, linux, and Mac memory},
  author       = {Ligh, Michael Hale and Case, Andrew and Levy, Jamie and Walters, Aaron},
  year         = 2014,
  publisher    = {John Wiley \& Sons},
}
@inproceedings{bbh+2014,
  title        = {Let SDN Be Your Eyes: Secure Forensics in Data Center Networks},
  author       = {Adam Bates and Kevin Butler and Andreas Haeberlen and Micah Sherr and Wenchao Zhou},
  year         = 2014,
  booktitle    = {SENT},
  longbooktitle = sent-long,
  longmonth    = Feb,
  longseries   = {{SENT}},
}
@inproceedings{mdc2014_poster,
  title        = {{Poster: Integrity-Protected Data for Assured Missions [IPDAM]}},
  author       = {Moyer, Thomas and Diewald, Jeffrey and Cooley, Joseph},
  year         = 2014,
  month        = jun,
  booktitle    = {Cyber and Netcentric Workshop},
  location     = {Boston, MA},
  series       = {CNW'14},
}
@inproceedings{sbl+2014,
  title        = {Pebbles: Fine-Grained Data Management Abstractions for Modern Operating Systems},
  author       = {Spahn, Riley and Bell, Jonathan and Lee, Michael Z. and Bhamidipati, Sravan and Geambasu, Roxana and Kaiser, Gail},
  year         = 2014,
  month        = oct,
  booktitle    = osdi,
  location     = {Broomfield, CO},
  series       = {OSDI'14},
}
@inproceedings{costin2014large,
  title        = {A Large-Scale Analysis of the Security of Embedded Firmwares},
  author       = {Costin, A and Zaddach, J and Francillon, A and Balzarotti, D},
  year         = 2014,
  booktitle    = security,
}
@inproceedings{khorasani2014cusha,
  title        = {{CuSha}: vertex-centric graph processing on GPUs},
  author       = {Khorasani, Farzad and Vora, Keval and Gupta, Rajiv and Bhuyan, Laxmi N},
  year         = 2014,
  booktitle    = {Proceedings of the 23rd international symposium on High-performance parallel and distributed computing},
}
@inproceedings{lim2014mica,
  title        = {{MICA}: A holistic approach to fast in-memory key-value storage},
  author       = {Lim, Hyeontaek and Han, Donsu and Andersen, David G and Kaminsky, Michael},
  year         = 2014,
  booktitle    = nsdi,
}
@inproceedings{zhao+lprof2014,
  title        = {lprof: A non-intrusive request flow profiler for distributed systems},
  author       = {Xu Zhao and Yongle Zhang and David Lion and Muhammad Faizan Ullah and Yu Luo and Ding Yuan and Michael Stumm},
  year         = 2014,
  booktitle    = osdi,
}
@inproceedings{fu2014developers,
  title        = {Where do developers log? An empirical study on logging practices in industry},
  author       = {Fu, Qiang and Zhu, Jieming and Hu, Wenlu and Lou, Jian-Guang and Ding, Rui and Lin, Qingwei and Zhang, Dongmei and Xie, Tao},
  year         = 2014,
  booktitle    = {ICSE Companion},
  organization = {ACM},
}
@inproceedings{lprof,
  title        = {lprof: A non-intrusive request flow profiler for distributed systems},
  author       = {Zhao, Xu and Zhang, Yongle and Lion, David and Ullah, Muhammad Faizan and Luo, Yu and Yuan, Ding and Stumm, Michael},
  year         = 2014,
  booktitle    = {11th USENIX Symposium on Operating Systems Design and Implementation (OSDI 14)},
}
@inproceedings{devecsery2014eidetic,
  title        = {Eidetic systems},
  author       = {Devecsery, David and Chow, Michael and Dou, Xianzheng and Flinn, Jason and Chen, Peter M},
  year         = 2014,
  booktitle    = {11th USENIX Symposium on Operating Systems Design and Implementation (OSDI 14)},
}
@inproceedings{honarmand2014replay,
  title        = {Replay debugging: Leveraging record and replay for program debugging},
  author       = {Honarmand, Nima and Torrellas, Josep},
  year         = 2014,
  booktitle    = {2014 ACM/IEEE 41st International Symposium on Computer Architecture (ISCA)},
  organization = {IEEE},
}
@inproceedings{lengyel2014scalability,
  title        = {Scalability, fidelity and stealth in the DRAKVUF dynamic malware analysis system},
  author       = {Lengyel, Tamas K and Maresca, Steve and Payne, Bryan D and Webster, George D and Vogl, Sebastian and Kiayias, Aggelos},
  year         = 2014,
  booktitle    = {Proceedings of the 30th annual computer security applications conference},
}
@inproceedings{feng2014mace,
  title        = {Mace: High-coverage and robust memory analysis for commodity operating systems},
  author       = {Feng, Qian and Prakash, Aravind and Yin, Heng and Lin, Zhiqiang},
  year         = 2014,
  booktitle    = {Proceedings of the 30th annual computer security applications conference},
}
@techreport{mdc2014,
  title        = {{Using Provenance To Expedite MAC Policies (UPTEMPO) (Previously Known as IPDAM)}},
  author       = {Jeffrey Seibert and George Baah and Jeffrey Diewald and Robert Cunningham},
  year         = 2014,
  month        = {October},
  institution  = {MIT Lincoln Laboratory},
}
@inproceedings{baig-ic2e14,
  title        = {CloudFlow: Cloud-wide Policy Enforcement Using Fast VM Introspection},
  author       = {Baig, M.B. and Fitzsimons, C. and Balasubramanian, S. and Sion, R. and Porter, D.E.},
  year         = 2014,
  month        = {March},
  booktitle    = {Cloud Engineering (IC2E), 2014 IEEE International Conference on},
  doi          = {10.1109/IC2E.2014.64},
}
@inproceedings{zhang2:14,
  title        = {{Which Configuration Option Should I Change?}},
  author       = {Sai Zhang and Michael D. Ernst},
  year         = 2014,
  month        = MAY,
  booktitle    = {Proceedings of the 36th International Conference on Software Engineering (ICSE'14)},
  optaddress   = {Hyderabad, India},
}
@inproceedings{le2014distributed,
  title        = {Distributed representations of sentences and documents},
  author       = {Le, Quoc and Mikolov, Tomas},
  year         = 2014,
  booktitle    = {International conference on machine learning},
  organization = {PMLR},
}
@article{Akoglu:2015,
  title        = {Graph Based Anomaly Detection and Description: A Survey},
  author       = {Akoglu, Leman and Tong, Hanghang and Koutra, Danai},
  year         = 2015,
  journal      = {Data Min. Knowl. Discov.},
}
@article{wu2015network,
  title        = {Network intrusion detection based on a general regression neural network optimized by an improved artificial immune algorithm},
  author       = {Wu, Jianfa and Peng, Dahao and Li, Zhuping and Zhao, Li and Ling, Huanzhang},
  year         = 2015,
  journal      = {PloS one},
}
@article{ben2015effects,
  title        = {Effects of cyber security knowledge on attack detection},
  author       = {Ben-Asher, Noam and Gonzalez, Cleotilde},
  year         = 2015,
  journal      = {Computers in Human Behavior},
}
@article{ousterhout2015ramcloud,
  title        = {The RAMCloud storage system},
  author       = {Ousterhout, John and Gopalan, Arjun and Gupta, Ashish and Kejriwal, Ankita and Lee, Collin and Montazeri, Behnam and Ongaro, Diego and Park, Seo Jin and Qin, Henry and Rosenblum, Mendel and others},
  year         = 2015,
  journal      = {ACM Transactions on Computer Systems (TOCS)},
  volume       = 33,
}
@article{miller2015remote,
  title        = {Remote exploitation of an unaltered passenger vehicle},
  author       = {Miller, Charlie and Valasek, Chris},
  year         = 2015,
}
@article{das2015semantics,
  title        = {Semantics-based online malware detection: Towards efficient real-time protection against malware},
  author       = {Das, Sanjeev and Liu, Yang and Zhang, Wei and Chandramohan, Mahintham},
  year         = 2015,
  journal      = {IEEE transactions on information forensics and security},
  publisher    = {IEEE},
  volume       = 11,
}
@inproceedings{bbm2015,
  title        = {Take Only What You Need: Leveraging Mandatory Access Control Policy to Reduce Provenance Storage Costs},
  author       = {Bates, Adam and Butler, Kevin RB and Moyer, Thomas},
  year         = 2015,
  booktitle    = tapp,
  location     = {Edinburgh, Scotland},
  longbooktitle = tapp15,
  longseries   = {TaPP'15},
  longmonth    = jul,
}
@inproceedings{gc2015,
  title        = {Provenance Tipping Point},
  author       = {Gammack, David and Chapman, Adriane},
  year         = 2015,
  month        = jul,
  booktitle    = tapp,
  location     = {Edinburgh, Scotland},
  series       = {TaPP'15},
}
@inproceedings{lpm2015,
  title        = {Trustworthy whole-system provenance for the linux kernel},
  author       = {Bates, Adam and Tian, Dave Jing and Butler, Kevin RB and Moyer, Thomas},
  year         = 2015,
  booktitle    = security,
}
@inproceedings{chen2015,
  title        = {Differential Provenance: Better Network Diagnostics with Reference Events},
  author       = {Chen, Ang and Wu, Yang and Haeberlen, Andreas and Zhou, Wenchao and Loo, Boon Thau},
  year         = 2015,
  booktitle    = {Proceedings of the 14th ACM Workshop on Hot Topics in Networks},
  location     = {Philadelphia, PA, USA},
  publisher    = {ACM},
  series       = {HotNets-XIV},
  doi          = {10.1145/2834050.2834111},
  url          = {http://doi.acm.org/10.1145/2834050.2834111},
  articleno    = 25,
  numpages     = 7,
  acmid        = 2834111,
  keywords     = {Debugging, Diagnostics, Provenance},
}
@inproceedings{zeng2015linux,
  title        = {Linux auditing: overhead and adaptation},
  author       = {Zeng, Lei and Xiao, Yang and Chen, Hui},
  year         = 2015,
  booktitle    = icc,
  longbooktitle = {Communications (ICC), 2015 IEEE International Conference on},
  longpages    = {7168--7173},
  organization = {IEEE},
}
@inproceedings{dtracker,
  title        = {Looking Inside the Black-Box: Capturing Data Provenance Using Dynamic Instrumentation},
  author       = {Stamatogiannakis, Manolis and Groth, Paul and Bos, Herbert},
  year         = 2015,
  booktitle    = {IPAW},
  publisher    = {Springer-Verlag New York, Inc.},
}
@inproceedings{ma2015accurate,
  title        = {Accurate, low cost and instrumentation-free security audit logging for {Windows}},
  author       = {Ma, Shiqing and Lee, Kyu Hyung and Kim, Chung Hwan and Rhee, Junghwan and Zhang, Xiangyu and Xu, Dongyan},
  year         = 2015,
  booktitle    = acsac,
}
@inproceedings{mace+pivottracing2015,
  title        = {{Pivot Tracing}: Dynamic causal monitoring for distributed systems},
  author       = {Mace, Jonathan and Roelke, Ryan and Fonseca, Rodrigo},
  year         = 2015,
  booktitle    = sosp,
}
@inproceedings{logadvisor+zhu2015,
  title        = {{Learning to Log}: Helping Developers Make Informed Logging Decisions},
  author       = {J. Zhu and P. He and Q. Fu and H. Zhang and M. R. Lyu and D. Zhang},
  year         = 2015,
  booktitle    = icse,
}
@inproceedings{Pecchia:2015,
  title        = {Industry Practices and Event Logging: Assessment of a Critical Software Development Process},
  author       = {Pecchia, Antonio and Cinque, Marcello and Carrozza, Gabriella and Cotroneo, Domenico},
  year         = 2015,
  booktitle    = icse,
}
@inproceedings{ding2015log2,
  title        = {Log2: A cost-aware logging mechanism for performance diagnosis},
  author       = {Ding, Rui and Zhou, Hucheng and Lou, Jian-Guang and Zhang, Hongyu and Lin, Qingwei and Fu, Qiang and Zhang, Dongmei and Xie, Tao},
  year         = 2015,
  booktitle    = atc,
}
@inproceedings{saltaformaggio2015guitar,
  title        = {GUITAR: Piecing together android app GUIs from memory images},
  author       = {Saltaformaggio, Brendan and Bhatia, Rohit and Gu, Zhongshu and Zhang, Xiangyu and Xu, Dongyan},
  year         = 2015,
  booktitle    = {CCS},
}
@inproceedings{saltaformaggio2015vcr,
  title        = {Vcr: App-agnostic recovery of photographic evidence from android device memory images},
  author       = {Saltaformaggio, Brendan and Bhatia, Rohit and Gu, Zhongshu and Zhang, Xiangyu and Xu, Dongyan},
  year         = 2015,
  booktitle    = {CCS},
}
@conference{pasquier2015:camflow-tcc,
  title        = {CamFlow: Managed Data-Sharing for Cloud Services},
  author       = {Pasquier, Thomas and Singh, Jatinder and Eyers, David and Bacon, Jean},
  year         = 2015,
  booktitle    = {TCC},
  longbooktitle = {IEEE Transactions on Cloud Computing},
  longpublisher = {IEEE},
  longorganization = {IEEE},
}
@inproceedings{behrang:15,
  title        = {{Users Beware: Preference Inconsistencies Ahead}},
  author       = {Farnaz Behrang and Myra B. Cohen and Alessandro Orso},
  year         = 2015,
  month        = AUG,
  booktitle    = {ESEC/FSE},
}
@inproceedings{lai2015recurrent,
  title        = {Recurrent convolutional neural networks for text classification},
  author       = {Lai, Siwei and Xu, Liheng and Liu, Kang and Zhao, Jun},
  booktitle    = {Proceedings of the AAAI conference on artificial intelligence},
  volume       = 29,
  year         = 2015,
}
@article{peinl2016docker,
  title        = {Docker cluster management for the cloud-survey results and own solution},
  author       = {Peinl, Ren{\'e} and Holzschuher, Florian and Pfitzer, Florian},
  year         = 2016,
  journal      = {Journal of Grid Computing},
  publisher    = {Springer},
  volume       = 14,
}
@article{yu2016cloudseer,
  title        = {Cloudseer: Workflow monitoring of cloud infrastructures via interleaved logs},
  author       = {Yu, Xiao and Joshi, Pallavi and Xu, Jianwu and Jin, Guoliang and Zhang, Hui and Jiang, Guofei},
  year         = 2016,
  journal      = {ACM SIGOPS Operating Systems Review},
  publisher    = {ACM},
  volume       = 50,
}
@article{Xie:2016,
  title        = {Unifying Intrusion Detection and Forensic Analysis via Provenance Awareness},
  author       = {Xie, Yulai and Feng, Dan and Tan, Zhipeng and Zhou, Junzhe},
  year         = 2016,
  journal      = {Future Gener. Comput. Syst.},
  publisher    = {Elsevier},
  volume       = 61,
}
@book{wieczorek2016grammatical,
  title        = {Grammatical Inference: Algorithms, Routines and Applications},
  author       = {Wieczorek, Wojciech},
  year         = 2016,
  publisher    = {Springer},
  volume       = 673,
}
@inproceedings{mzx2016,
  title        = {{ProTracer}: Towards practical provenance tracing by alternating between logging and tainting},
  author       = {Ma, Shiqing and Zhang, Xiangyu and Xu, Dongyan},
  year         = 2016,
  booktitle    = ndss,
  location     = {San Diego, CA},
  longbooktitle = {Proceedings of the 23rd ISOC Network and Distributed System Security Symposium},
  longseries   = {NDSS},
  longmonth    = feb,
}
@inproceedings{sta+2016,
  title        = {Trade-Offs in Automatic Provenance Capture},
  author       = {Stamatogiannakis, Manolis and Kazmi, Hasanat and Sharif, Hashim and Vermeulen, Remco and Gehani, Ashish and Bos, Herbert and Groth, Paul},
  year         = 2016,
  booktitle    = {IPAW},
  location     = {McLean, VA, USA},
  longbooktitle = {Proceedings of the 6th International Provenance and Annotation Workshop on Provenance and Annotation of Data and Processes - Volume 9672},
  longseries   = {IPAW 2016},
  numpages     = 13,
  keywords     = {LLVM, Provenance, SPADE, Strace, Taint tracking},
}
@inproceedings{Sharma2016cvm,
  title        = {Containers and Virtual Machines at Scale: A Comparative Study},
  author       = {Sharma, Prateek and Chaufournier, Lucas and Shenoy, Prashant and Tay, Y. C.},
  year         = 2016,
  booktitle    = {International Middleware Conference},
  location     = {Trento, Italy},
  publisher    = {ACM},
  series       = {Middleware '16},
  doi          = {10.1145/2988336.2988337},
  url          = {http://doi.acm.org/10.1145/2988336.2988337},
  articleno    = 1,
  numpages     = 13,
  acmid        = 2988337,
}
@inproceedings{Gehani:2016:SSB,
  title        = {Scaling {SPADE} to {"Big Provenance"}},
  author       = {Gehani, Ashish and Kazmi, Hasanat and Irshad, Hassaan},
  year         = 2016,
  booktitle    = tapp,
}
@inproceedings{pgs+2016,
  title        = {{HERCULE}: Attack Story Reconstruction via Community Discovery on Correlated Log Graph},
  author       = {Pei, Kexin and Gu, Zhongshu and Saltaformaggio, Brendan and Ma, Shiqing and Wang, Fei and Zhang, Zhiwei and Si, Luo and Zhang, Xiangyu and Xu, Dongyan},
  year         = 2016,
  booktitle    = acsac,
}
@inproceedings{Xu:2016,
  title        = {High Fidelity Data Reduction for Big Data Security Dependency Analyses},
  author       = {Xu, Zhang and Wu, Zhenyu and Li, Zhichun and Jee, Kangkook and Rhee, Junghwan and Xiao, Xusheng and Xu, Fengyuan and Wang, Haining and Jiang, Guofei},
  year         = 2016,
  booktitle    = ccs,
}
@inproceedings{chen2016good,
  title        = {The good, the bad, and the differences: Better network diagnostics with differential provenance},
  author       = {Chen, Ang and Wu, Yang and Haeberlen, Andreas and Zhou, Wenchao and Loo, Boon Thau},
  year         = 2016,
  booktitle    = {{ACM SIGCOMM}},
}
@inproceedings{Chen:2016,
  title        = {Entity Embedding-based Anomaly Detection for Heterogeneous Categorical Events},
  author       = {Chen, Ting and Tang, Lu-An and Sun, Yizhou and Chen, Zhengzhang and Zhang, Kai},
  year         = 2016,
  booktitle    = {IJCAI},
}
@inproceedings{laszka2016multi,
  title        = {Multi-Defender Strategic Filtering Against Spear-Phishing Attacks.},
  author       = {Laszka, Aron and Lou, Jian and Vorobeychik, Yevgeniy},
  year         = 2016,
  booktitle    = aaai,
}
@inproceedings{kharraz2016unveil,
  title        = {{UNVEIL}: A Large-Scale, Automated Approach to Detecting Ransomware.},
  author       = {Kharraz, Amin and Arshad, Sajjad and Mulliner, Collin and Robertson, William K and Kirda, Engin},
  year         = 2016,
  booktitle    = security,
}
@inproceedings{7502316,
  title        = {Automate Cybersecurity Data Triage by Leveraging Human Analysts' Cognitive Process},
  author       = {C. Zhong and J. Yen and P. Liu and R. F. Erbacher},
  year         = 2016,
  booktitle    = {IEEE BigDataSecurity},
}
@inproceedings{Nguyen:2016,
  title        = {Yak: A High-performance Big-data-friendly Garbage Collector},
  author       = {Nguyen, Khanh and Fang, Lu and Xu, Guoqing and Demsky, Brian and Lu, Shan and Alamian, Sanazsadat and Mutlu, Onur},
  year         = 2016,
  booktitle    = osdi,
}
@inproceedings{7774521,
  title        = {Experience report: System log analysis for anomaly detection},
  author       = {He, Shilin and Zhu, Jieming and He, Pinjia and Lyu, Michael R},
  year         = 2016,
  booktitle    = {IEEE International Symposium on Software Reliability Engineering (ISSRE)},
}
@inproceedings{zhao+stitch2016,
  title        = {Non-Intrusive Performance Profiling for Entire Software Stacks Based on the Flow Reconstruction Principle.},
  author       = {Zhao, Xu and Rodrigues, Kirk and Luo, Yu and Yuan, Ding and Stumm, Michael},
  year         = 2016,
  booktitle    = osdi,
}
@inproceedings{shoshitaishvili2016state,
  title        = {{SoK: (State of) The Art of War: Offensive techniques in binary analysis}},
  author       = {Shoshitaishvili, Yan and Wang, Ruoyu and Salls, Christopher and Stephens, Nick and Polino, Mario and Dutcher, Audrey and Grosen, John and Feng, Siji and Hauser, Christophe and Kruegel, Christopher and Vigna, Giovanni},
  year         = 2016,
  booktitle    = oakland,
}
@inproceedings{kohwalter2016prov,
  title        = {{Prov Viewer}: A graph-based visualization tool for interactive exploration of provenance data},
  author       = {Kohwalter, Troy and Oliveira, Thiago and Freire, Juliana and Clua, Esteban and Murta, Leonardo},
  year         = 2016,
  booktitle    = {International Provenance and Annotation Workshop},
  organization = {Springer},
}
@inproceedings{streamspot,
  title        = {Fast memory-efficient anomaly detection in streaming heterogeneous graphs},
  author       = {Manzoor, Emaad and Milajerdi, Sadegh M and Akoglu, Leman},
  year         = 2016,
  booktitle    = {ACM SIGKDD International Conference on Knowledge Discovery and Data Mining},
}
@inproceedings{ren2016samsara,
  title        = {Samsara: Efficient deterministic replay in multiprocessor environments with hardware virtualization extensions},
  author       = {Ren, Shiru and Tan, Le and Li, Chunqi and Xiao, Zhen and Song, Weijia},
  year         = 2016,
  booktitle    = {2016 USENIX Annual Technical Conference (USENIX ATC 16)},
}
@inproceedings{ming2016straighttaint,
  title        = {Straighttaint: Decoupled offline symbolic taint analysis},
  author       = {Ming, Jiang and Wu, Dinghao and Wang, Jun and Xiao, Gaoyao and Liu, Peng},
  year         = 2016,
  booktitle    = {2016 31st IEEE/ACM International Conference on Automated Software Engineering (ASE)},
  organization = {IEEE},
}
@inproceedings{quinn2016jetstream,
  title        = {JetStream: Cluster-Scale Parallelization of Information Flow Queries},
  author       = {Quinn, Andrew and Devecsery, David and Chen, Peter M and Flinn, Jason},
  year         = 2016,
  booktitle    = {12th USENIX Symposium on Operating Systems Design and Implementation (OSDI 16)},
}
@inproceedings{suhail2016introducing,
  title        = {Introducing Secure Provenance in IoT: Requirements and Challenges},
  author       = {Suhail, Sabah and Hong, Choon Seong and Ahmad, Zuhaib Uddin and Zafar, Faheem and Khan, Abid},
  year         = 2016,
  booktitle    = {SIoT},
  longbooktitle = {Secure Internet of Things (SIoT), 2016 International Workshop on},
  longpages    = {39--46},
}
@inproceedings{chen-2016-diffprov,
  title        = {{The Good, the Bad, and the Differences: Better Network Diagnostics with Differential Provenance}},
  author       = {Ang Chen and Yang Wu and Andreas Haeberlen and Wenchao Zhou and Boon Thau Loo},
  year         = 2016,
  booktitle    = {ACM SIGCOMM},
  longbooktitle = {Proceedings of ACM SIGCOMM 2016},
  longlocation = {Florianopolis, Brazil},
  longmonth    = aug,
}
@inproceedings{xu:16,
  title        = {{Early Detection of Configuration Errors to Reduce Failure Damage}},
  author       = {Tianyin Xu and Xinxin Jin and Peng Huang and Yuanyuan Zhou and Shan Lu and Long Jin and Shankar Pasupathy},
  year         = 2016,
  booktitle    = {OSDI},
}
@inproceedings{dong:16,
  title        = {{ORPLocator: Identifying Read Points of Configuration Options via Static Analysis}},
  author       = {Zhen Dong and Artur Andrzejak and David Lo and Diego Costa},
  year         = 2016,
  booktitle    = {ISSRE},
}
@inproceedings{zhou:16,
  title        = {{ConfMapper: Automated Variable Finding for Configuration Items in Source Code}},
  author       = {Shulin Zhou and Xiaodong Liu and Shanshan Li and Wei Dong and Xiangke Liao and Yun Xiong},
  year         = 2016,
  booktitle    = {IEEE International Conference on Software Quality, Reliability, and Security},
}
@article{weiss2016survey,
  title        = {A survey of transfer learning},
  author       = {Weiss, Karl and Khoshgoftaar, Taghi M and Wang, DingDing},
  year         = 2016,
  journal      = {Journal of Big data},
  publisher    = {SpringerOpen},
  volume       = 3,
}
@article{schlenker2017don,
  title        = {Don't bury your head in warnings: A game-theoretic approach for intelligent allocation of cyber-security alerts},
  author       = {Schlenker, Aaron and Xu, Haifeng and Guirguis, Mina and Kiekintveld, Chris and Sinha, Arunesh and Tambe, Milind and Sonya, Solomon and Balderas, Darryl and Dunstatter, Noah},
  year         = 2017,
  journal      = {IJCAI},
}
@article{7931672,
  title        = {{Burstiness of Intrusion Detection Process: Empirical Evidence and a Modeling Approach}},
  author       = {R. Harang and A. Kott},
  year         = 2017,
  journal      = {IEEE Transactions on Information Forensics and Security},
}
@article{case2017memory,
  title        = {Memory forensics: The path forward},
  author       = {Case, Andrew and Richard III, Golden G},
  year         = 2017,
  journal      = {Digital Investigation},
  publisher    = {Elsevier},
  volume       = 20,
}
@inproceedings{wu-2017-metaprovenance,
  title        = {Automated Network Repair with Meta Provenance},
  author       = {Yang Wu and Ang Chen and Andreas Haeberlen and Wenchao Zhou and Boon Thau Loo},
  year         = 2017,
  booktitle    = nsdi,
  location     = {Boston, MA},
  longbooktitle = {Proceedings of the 14th USENIX Symposium on Networked Systems Design and Implementation (NSDI'17)},
  longmonth    = mar,
}
@inproceedings{chen-2017-provenance,
  title        = {Data Provenance at Internet Scale: Architecture, Experiences, and the Road Ahead},
  author       = {Ang Chen and Yang Wu and Andreas Haeberlen and Boon Thau Loo and Wenchao Zhou},
  year         = 2017,
  booktitle    = {CIDR},
  longbooktitle = {Conference on Innovative Data Systems Research (CIDR'17)},
  longlocation = {Chaminade, CA},
  longmonth    = jan,
}
@inproceedings{mpi+ma,
  title        = {{MPI}: Multiple Perspective Attack Investigation with Semantic Aware Execution Partitioning},
  author       = {Shiqing Ma and Juan Zhai and Fei Wang and Kyu Hyung Lee and Xiangyu Zhang and Dongyan Xu},
  year         = 2017,
  booktitle    = security,
}
@inproceedings{bates2017transparent,
  title        = {Transparent web service auditing via network provenance functions},
  author       = {Bates, Adam and Hassan, Wajih Ul and Butler, Kevin and Dobra, Alin and Reaves, Bradley and Cable, Patrick and Moyer, Thomas and Schear, Nabil},
  year         = 2017,
  booktitle    = www,
}
@inproceedings{hossain2017sleuth,
  title        = {{SLEUTH}: Real-time attack scenario reconstruction from {COTS} audit data},
  author       = {Hossain, Md Nahid and Milajerdi, Sadegh M and Wang, Junao and Eshete, Birhanu and Gjomemo, Rigel and Sekar, R and Stoller, Scott D and Venkatakrishnan, VN},
  year         = 2017,
  booktitle    = security,
}
@inproceedings{delps+chen+2017,
  title        = {Distributed Provenance Compression},
  author       = {Chen, Chen and Lehri, Harshal Tushar and Kuan Loh, Lay and Alur, Anupam and Jia, Limin and Loo, Boon Thau and Zhou, Wenchao},
  year         = 2017,
  booktitle    = {ACM SIGMOD},
}
@inproceedings{ji2017rain,
  title        = {Rain: Refinable attack investigation with on-demand inter-process information flow tracking},
  author       = {Ji, Yang and Lee, Sangho and Downing, Evan and Wang, Weiren and Fazzini, Mattia and Kim, Taesoo and Orso, Alessandro and Lee, Wenke},
  year         = 2017,
  booktitle    = ccs,
}
@inproceedings{iorgulescu2017don,
  title        = {Don't cry over spilled records: Memory elasticity of data-parallel applications and its application to cluster scheduling},
  author       = {Iorgulescu, Calin and Dinu, Florin and Raza, Aunn and Hassan, Wajih Ul and Zwaenepoel, Willy},
  year         = 2017,
  booktitle    = atc,
}
@inproceedings{neural2017,
  title        = {Neural Network-based Graph Embedding for Cross-Platform Binary Code Similarity Detection},
  author       = {Xu, Xiaojun and Liu, Chang and Feng, Qian and Yin, Heng and Song, Le and Song, Dawn},
  year         = 2017,
  booktitle    = ccs,
}
@inproceedings{deeplog2017,
  title        = {{DeepLog}: Anomaly Detection and Diagnosis from System Logs Through Deep Learning},
  author       = {Du, Min and Li, Feifei and Zheng, Guineng and Srikumar, Vivek},
  year         = 2017,
  booktitle    = ccs,
}
@inproceedings{mpi,
  title        = {MPI: Multiple perspective attack investigation with semantic aware execution partitioning},
  author       = {Ma, Shiqing and Zhai, Juan and Wang, Fei and Lee, Kyu Hyung and Zhang, Xiangyu and Xu, Dongyan},
  year         = 2017,
  booktitle    = {USENIX Security Symposium},
}
@inproceedings{frappuccino,
  title        = {Frappuccino: Fault-detection through runtime analysis of provenance},
  author       = {Han, Xueyuan and Pasquier, Thomas and Ranjan, Tanvi and Goldstein, Mark and Seltzer, Margo},
  year         = 2017,
  booktitle    = {HotCloud},
}
@inproceedings{camflow,
  title        = {Practical whole-system provenance capture},
  author       = {Pasquier, Thomas and Han, Xueyuan and Goldstein, Mark and Moyer, Thomas and Eyers, David and Seltzer, Margo and Bacon, Jean},
  year         = 2017,
  booktitle    = {Symposium on Cloud Computing},
}
@inproceedings{o2017engineering,
  title        = {Engineering record and replay for deployability},
  author       = {O'Callahan, Robert and Jones, Chris and Froyd, Nathan and Huey, Kyle and Noll, Albert and Partush, Nimrod},
  year         = 2017,
  booktitle    = {2017 USENIX Annual Technical Conference (USENIX ATC 17)},
}
@inproceedings{Aman:2017:SDP,
  title        = {Secure Data Provenance for the Internet of Things},
  author       = {Aman, Muhammad Naveed and Chua, Kee Chaing and Sikdar, Biplab},
  year         = 2017,
  booktitle    = {IoTPTS},
  longbooktitle = {Proceedings of the 3rd ACM International Workshop on IoT Privacy, Trust, and Security},
  longseries   = {IoTPTS '17},
}
@inproceedings{chen-2017-spp,
  title        = {One Primitive to Diagnose Them All: Architectural Support for Internet Diagnostics},
  author       = {Ang Chen and Andreas Haeberlen and Wenchao Zhou and Boon Thau Loo},
  year         = 2017,
  booktitle    = {EuroSys},
  location     = {Belgrade, Serbia},
  longbooktitle = {Proceedings of The European Conference on Computer Systems (EuroSys)},
  longmonth    = apr,
}
@inproceedings{Yuan:2017:DAR,
  title        = {DroidForensics: Accurate Reconstruction of Android Attacks via Multi-layer Forensic Logging},
  author       = {Yuan, Xingzi and Setayeshfar, Omid and Yan, Hongfei and Panage, Pranav and Wei, Xuetao and Lee, Kyu Hyung},
  year         = 2017,
  booktitle    = {ASIA CCS},
  longbooktitle = {Proceedings of the 2017 ACM on Asia Conference on Computer and Communications Security},
  longseries   = {ASIA CCS '17},
  numpages     = 12,
}
@inproceedings{kbl+2017,
  title        = {{SGX-Log: Securing System Logs With SGX}},
  author       = {Karande, Vishal and Bauman, Erick and Lin, Zhiqiang and Khan, Latifur},
  year         = 2017,
  booktitle    = {{Asia CCS}},
}
@inproceedings{zhou2017anomaly,
  title        = {Anomaly detection with robust deep autoencoders},
  author       = {Zhou, Chong and Paffenroth, Randy C},
  year         = 2017,
  booktitle    = {Proceedings of the 23rd ACM SIGKDD international conference on knowledge discovery and data mining},
}
@article{vaswani2017attention,
  title        = {Attention is all you need},
  author       = {Vaswani, Ashish and Shazeer, Noam and Parmar, Niki and Uszkoreit, Jakob and Jones, Llion and Gomez, Aidan N and Kaiser, {\L}ukasz and Polosukhin, Illia},
  year         = 2017,
  journal      = {Advances in neural information processing systems},
  volume       = 30,
}
@article{hamilton2017inductive,
  title        = {Inductive representation learning on large graphs},
  author       = {Hamilton, Will and Ying, Zhitao and Leskovec, Jure},
  year         = 2017,
  journal      = {Advances in neural information processing systems},
  volume       = 30,
}
@article{narayanan2017graph2vec,
  title        = {graph2vec: Learning distributed representations of graphs},
  author       = {Narayanan, Annamalai and Chandramohan, Mahinthan and Venkatesan, Rajasekar and Chen, Lihui and Liu, Yang and Jaiswal, Shantanu},
  journal      = {arXiv preprint arXiv:1707.05005},
  year         = 2017,
}
@article{pagoda,
  title        = {Pagoda: A hybrid approach to enable efficient real-time provenance based intrusion detection in big data environments},
  author       = {Xie, Yulai and Feng, Dan and Hu, Yuchong and Li, Yan and Sample, Staunton and Long, Darrell},
  year         = 2018,
  journal      = {IEEE Transactions on Dependable and Secure Computing},
  publisher    = {IEEE},
  volume       = 17,
}
@inproceedings{kwon18mci,
  title        = {{MCI}: Modeling-based Causality Inference in Audit Logging for Attack Investigation},
  author       = {Kwon, Yonghwi and Wang, Fei and Wang, Weihang and Lee, Kyu Hyung and Lee, Wen-Chuan and Ma, Shiqing and Zhang, Xiangyu and Xu, Dongyan and Jha, Somesh and Ciocarlie, Gabriela and others},
  year         = 2018,
  booktitle    = ndss,
}
@inproceedings{winnower2018,
  title        = {Towards scalable cluster auditing through grammatical inference over provenance graphs},
  author       = {Hassan, Wajih Ul and Lemay, Mark and Aguse, Nuraini and Bates, Adam and Moyer, Thomas},
  year         = 2018,
  booktitle    = ndss,
  location     = {San Diego, CA},
}
@inproceedings{provthings2018,
  title        = {Fear and Logging in the Internet of Things},
  author       = {Wang, Qi and Hassan, Wajih Ul and Bates, Adam and Gunter, Carl},
  year         = 2018,
  booktitle    = ndss,
}
@inproceedings{tang2018nodemerge,
  title        = {Nodemerge: Template based efficient data reduction for big-data causality analysis},
  author       = {Tang, Yutao and Li, Ding and Li, Zhichun and Zhang, Mu and Jee, Kangkook and Xiao, Xusheng and Wu, Zhenyu and Rhee, Junghwan and Xu, Fengyuan and Li, Qun},
  year         = 2018,
  booktitle    = ccs,
}
@inproceedings{pasquier2018runtime,
  title        = {Runtime analysis of whole-system provenance},
  author       = {Pasquier, Thomas and Han, Xueyuan and Moyer, Thomas and Bates, Adam and Hermant, Olivier and Eyers, David and Bacon, Jean and Seltzer, Margo},
  year         = 2018,
  booktitle    = ccs,
}
@inproceedings{priotracker2018,
  title        = {Towards a Timely Causality Analysis for Enterprise Security},
  author       = {Liu, Yushan and Zhang, Mu and Li,  Ding and Jee,  Kangkook and Li, Zhichun and Wu, Zhenyu and Rhee, Junghwan and Mittal, Prateek},
  year         = 2018,
  booktitle    = ndss,
}
@inproceedings{hossain+depend,
  title        = {Dependence-Preserving data compaction for scalable forensic analysis},
  author       = {Md Nahid Hossain and Junao Wang and R. Sekar and Scott D. Stoller},
  year         = 2018,
  booktitle    = security,
}
@inproceedings{217496,
  title        = {{SAQL}: A Stream-based Query System for Real-Time Abnormal System Behavior Detection},
  author       = {Peng Gao and Xusheng Xiao and Ding Li and Zhichun Li and Kangkook Jee and Zhenyu Wu and Chung Hwan Kim and Sanjeev R. Kulkarni and Prateek Mittal},
  year         = 2018,
  booktitle    = security,
}
@inproceedings{ma2018kernel,
  title        = {Kernel-supported cost-effective audit logging for causality tracking},
  author       = {Ma, Shiqing and Zhai, Juan and Kwon, Yonghwi and Lee, Kyu Hyung and Zhang, Xiangyu and Ciocarlie, Gabriela and Gehani, Ashish and Yegneswaran, Vinod and Xu, Dongyan and Jha, Somesh},
  year         = 2018,
  booktitle    = atc,
}
@inproceedings{shu2018threat,
  title        = {Threat intelligence computing},
  author       = {Shu, Xiaokui and Araujo, Frederico and Schales, Douglas L and Stoecklin, Marc Ph and Jang, Jiyong and Huang, Heqing and Rao, Josyula R},
  year         = 2018,
  booktitle    = ccs,
}
@inproceedings{dpr,
  title        = {Dependence-preserving data compaction for scalable forensic analysis},
  author       = {Hossain, Md Nahid and Wang, Junao and Weisse, Ofir and Sekar, R and Genkin, Daniel and He, Boyuan and Stoller, Scott D and Fang, Gan and Piessens, Frank and Downing, Evan and others},
  year         = 2018,
  booktitle    = {USENIX Security Symposium},
}
@inproceedings{aiql,
  title        = {AIQL: Enabling efficient attack investigation from system monitoring data},
  author       = {Gao, Peng and Xiao, Xusheng and Li, Zhichun and Xu, Fengyuan and Kulkarni, Sanjeev R and Mittal, Prateek},
  year         = 2018,
  booktitle    = {USENIX ATC},
}
@inproceedings{propatrol,
  title        = {Propatrol: Attack investigation via extracted high-level tasks},
  author       = {Milajerdi, Sadegh M and Eshete, Birhanu and Gjomemo, Rigel and Venkatakrishnan, Venkat N},
  year         = 2018,
  booktitle    = {International Conference on Information Systems Security},
  organization = {Springer},
}
@inproceedings{rtag,
  title        = {Enabling refinable cross-host attack investigation with efficient data flow tagging and tracking},
  author       = {Ji, Yang and Lee, Sangho and Fazzini, Mattia and Allen, Joey and Downing, Evan and Kim, Taesoo and Orso, Alessandro and Lee, Wenke},
  year         = 2018,
  booktitle    = {USENIX Security Symposium},
}
@inproceedings{ttracker,
  title        = {T-tracker: Compressing system audit log by taint tracking},
  author       = {Ben, Yongming and Han, Yanni and Cai, Ning and An, Wei and Xu, Zhen},
  year         = 2018,
  booktitle    = {2018 IEEE 24th International Conference on Parallel and Distributed Systems (ICPADS)},
  organization = {IEEE},
}
@article{Lillack:17,
  title        = {{Tracking Load-time Configuration Options}},
  author       = {Max Lillack and Christian K\"{a}stner and Eric Bodden},
  year         = 2018,
  month        = DEC,
  journal      = {IEEE TSE},
  volume       = 44,
}
@inproceedings{han2018provenance,
  title        = {Provenance-based intrusion detection: opportunities and challenges},
  author       = {Han, Xueyuan and Pasquier, Thomas and Seltzer, Margo},
  year         = 2018,
  booktitle    = {10th $\{$USENIX\$\}\$ Workshop on the Theory and Practice of Provenance (TaPP 2018)},
}
@article{aljawarneh2018anomaly,
  title        = {Anomaly-based intrusion detection system through feature selection analysis and building hybrid efficient model},
  author       = {Aljawarneh, Shadi and Aldwairi, Monther and Yassein, Muneer Bani},
  year         = 2018,
  journal      = {Journal of Computational Science},
  publisher    = {Elsevier},
  volume       = 25,
}
@inproceedings{zugner2018adversarial,
  title        = {Adversarial attacks on neural networks for graph data},
  author       = {Z{\"u}gner, Daniel and Akbarnejad, Amir and G{\"u}nnemann, Stephan},
  booktitle    = {Proceedings of the 24th ACM SIGKDD international conference on knowledge discovery \& data mining},
  year         = 2018,
}
@article{magazine2019,
  title        = {Can data provenance put an end to the data breach?},
  author       = {Bates, Adam and Hassan, Wajih Ul},
  year         = 2019,
  journal      = {IEEE Security \& Privacy},
  volume       = 17,
}
@article{xaidarpa,
  title        = {DARPA's explainable artificial intelligence (XAI) program},
  author       = {Gunning, David and Aha, David},
  year         = 2019,
  journal      = {AI Magazine},
  volume       = 40,
}
@article{pgaus,
  title        = {P-Gaussian: provenance-based gaussian distribution for detecting intrusion behavior variants using high efficient and real time memory databases},
  author       = {Xie, Yulai and Wu, Yafeng and Feng, Dan and Long, Darrell},
  year         = 2019,
  journal      = {IEEE Transactions on Dependable and Secure Computing},
  publisher    = {IEEE},
  volume       = 18,
}
@inproceedings{nodoze2019,
  title        = {{NoDoze}: Combatting threat alert fatigue with automated provenance triage},
  author       = {Hassan, Wajih Ul and Guo, Shengjian and Li, Ding and Chen, Zhengzhang and Jee, Kangkook and Li, Zhichun and Bates, Adam},
  year         = 2019,
  booktitle    = ndss,
}
@inproceedings{poirot2019,
  title        = {{POIROT}: Aligning Attack Behavior with Kernel Audit Records for Cyber Threat Hunting},
  author       = {Milajerdi, Sadegh M. and Eshete, Birhanu and Gjomemo, Rigel and Venkatakrishnan, V.N.},
  year         = 2019,
  booktitle    = ccs,
}
@inproceedings{holmes2019,
  title        = {{HOLMES}: Real-Time APT Detection through Correlation of Suspicious Information Flows},
  author       = {S. M. {Milajerdi} and R. {Gjomemo} and B. {Eshete} and R. {Sekar} and V. N. {Venkatakrishnan}},
  year         = 2019,
  booktitle    = oakland,
}
@inproceedings{227800,
  title        = {{GraphOne}: A Data Store for Real-time Analytics on Evolving Graphs},
  author       = {Pradeep Kumar and H. Howie Huang},
  year         = 2019,
  booktitle    = {fast},
}
@inproceedings{wu+zeno,
  title        = {Zeno: Diagnosing Performance Problems with Temporal Provenance},
  author       = {Yang Wu and Ang Chen and Linh Thi Xuan Phan},
  year         = 2019,
  booktitle    = nsdi,
}
@inproceedings{shen2019attack2vec,
  title        = {Attack2vec: Leveraging temporal word embeddings to understand the evolution of cyberattacks},
  author       = {Shen, Yun and Stringhini, Gianluca},
  year         = 2019,
  booktitle    = security,
}
@inproceedings{whiteboard2019,
  title        = {Back to the Whiteboard: a Principled Approach for the Assessment and Design of Memory Forensic Techniques},
  author       = {Fabio Pagani and Davide Balzarotti},
  year         = 2019,
  booktitle    = {USENIX Security Symposium},
}
@article{chakkaravarthy2019survey,
  title        = {A survey on malware analysis and mitigation techniques},
  author       = {Chakkaravarthy, S Sibi and Sangeetha, D and Vaidehi, V},
  year         = 2019,
  journal      = {Computer Science Review},
  publisher    = {Elsevier},
  volume       = 32,
}
@inproceedings{wang2019attacking,
  title        = {Attacking graph-based classification via manipulating the graph structure},
  author       = {Wang, Binghui and Gong, Neil Zhenqiang},
  booktitle    = {Proceedings of the 2019 ACM SIGSAC Conference on Computer and Communications Security},
  year         = 2019,
}
@article{yuan2019adversarial,
  title        = {Adversarial examples: Attacks and defenses for deep learning},
  author       = {Yuan, Xiaoyong and He, Pan and Zhu, Qile and Li, Xiaolin},
  journal      = {IEEE transactions on neural networks and learning systems},
  volume       = 30,
  year         = 2019,
  publisher    = {IEEE},
}
@article{explainable,
  title        = {Explainable Artificial Intelligence (XAI): Concepts, taxonomies, opportunities and challenges toward responsible AI},
  author       = {Arrieta, Alejandro Barredo, et al.},
  year         = 2020,
  journal      = {Information Fusion},
  publisher    = {Elsevier},
  volume       = 58,
}
@article{darpa,
  title        = {DARPA Transparent Computing. 2020. Transparent Computing Engagement 3 Data Release},
  year         = 2020,
}
@article{aslan2020comprehensive,
  title        = {A comprehensive review on malware detection approaches},
  author       = {Aslan, {\"O}mer Aslan and Samet, Refik},
  year         = 2020,
  journal      = {IEEE Access},
  publisher    = {IEEE},
  volume       = 8,
}
@inproceedings{rapsheet2020,
  title        = {Tactical Provenance Analysis for Endpoint Detection and Response Systems},
  author       = {Hassan, Wajih Ul and Bates, Adam and Marino, Daniel},
  year         = 2020,
  booktitle    = oakland,
  organization = {IEEE},
}
@inproceedings{hossain2020combating,
  title        = {Combating Dependence Explosion in Forensic Analysis Using Alternative Tag Propagation Semantics},
  author       = {Hossain, Md Nahid and Sheikhi, Sanaz and Sekar, R},
  year         = 2020,
  booktitle    = oakland,
}
@inproceedings{han2020unicorn,
  title        = {{Unicorn}: Runtime Provenance-Based Detector for Advanced Persistent Threats},
  author       = {Han, Xueyan and Pasqueir, Thomas and Bates, Adam and Mickens, James and Seltzer, Margo},
  year         = 2020,
  booktitle    = ndss,
}
@inproceedings{omegalog2020,
  title        = {{OmegaLog}: High-Fidelity Attack Investigation via Transparent Multi-layer Log Analysis},
  author       = {Wajih Ul Hassan and Mohammad A Noureddine and Pubali Datta and Adam Bates},
  year         = 2020,
  booktitle    = ndss,
}
@inproceedings{swift2020,
  title        = {This is Why We Can't Cache Nice Things: Lightning-Fast Threat Hunting using Suspicion-Based Hierarchical Storage},
  author       = {Hassan, Wajih Ul and Li, Ding and Jee, Kangkook and Yu, Xiao and Zou, Kexuan and Wang, Dawei and Chen, Zhengzhang and Li, Zhichun and Rhee, Junghwan and Gui, Jiaping and others},
  year         = 2020,
  booktitle    = acsac,
}
@inproceedings{provdetector2020,
  title        = {You Are What You Do: Hunting Stealthy Malware via Data Provenance Analysis.},
  author       = {Wang, Qi and Hassan, Wajih Ul and Li, Ding and Jee, Kangkook and Yu, Xiao and Zou, Kexuan and Rhee, Junghwan and Chen, Zhengzhang and Cheng, Wei and Gunter, Carl A and others},
  year         = 2020,
  booktitle    = ndss,
}
@inproceedings{zeek-osquery2020,
  title        = {{Zeek-Osquery}: Host-Network Correlation for Advanced Monitoring and Intrusion Detection},
  author       = {Haas, Steffen and Sommer, Robin and Fischer, Mathias},
  year         = 2020,
  booktitle    = {ICT Systems Security and Privacy Protection},
  publisher    = {Springer International Publishing},
}
@inproceedings{approx,
  title        = {On the Forensic Validity of Approximated Audit Logs},
  author       = {Michael, Noor and Mink, Jaron and Liu, Jason and Gaur, Sneha and Hassan, Wajih Ul and Bates, Adam},
  year         = 2020,
  booktitle    = {ACSAC},
}
@inproceedings{omegalog,
  title        = {OmegaLog: High-fidelity attack investigation via transparent multi-layer log analysis},
  author       = {Hassan, Wajih Ul and Noureddine, Mohammad Ali and Datta, Pubali and Bates, Adam},
  year         = 2020,
  booktitle    = {NDSS},
}
@inproceedings{uiscope,
  title        = {Uiscope: Accurate, instrumentation-free, and visible attack investigation for gui applications},
  author       = {Yang, Runqing and Ma, Shiqing and Xu, Haitao and Zhang, Xiangyu and Chen, Yan},
  year         = 2020,
  booktitle    = {NDSS},
}
@inproceedings{plt+2020,
  title        = {{Logging to the Danger Zone: Race Condition Attacks and Defenses on System Audit Frameworks}},
  author       = {Paccagnella, Riccardo and Liao, Kevin and Tian, Dave (Jing) and Bates, Adam},
  year         = 2020,
  booktitle    = {CCS},
  keywords     = {bates,secure provenance, audit},
}
@article{lee2020gradient,
  title        = {Gradient masking of label smoothing in adversarial robustness},
  author       = {Lee, Hyungyu and Bae, Ho and Yoon, Sungroh},
  year         = 2020,
  journal      = {IEEE Access},
  publisher    = {IEEE},
  volume       = 9,
}
@article{dong2020survey,
  title        = {A survey on ensemble learning},
  author       = {Dong, Xibin and Yu, Zhiwen and Cao, Wenming and Shi, Yifan and Ma, Qianli},
  year         = 2020,
  journal      = {Frontiers of Computer Science},
  publisher    = {Springer},
  volume       = 14,
}
@inproceedings{paccagnella2020custos,
  title        = {Custos: Practical tamper-evident auditing of operating systems using trusted execution},
  author       = {Paccagnella, Riccardo and Datta, Pubali and Hassan, Wajih Ul and Bates, Adam and Fletcher, Christopher and Miller, Andrew and Tian, Dave},
  booktitle    = {Network and distributed system security symposium},
  year         = 2020,
}
@inproceedings{zeekagent2022,
  title        = {{Zeek Agent}: Correlating Host And Network Logs For Better Forensics},
  author       = {Wajih Ul Hassan and Jamie Brim and Zafir Ansari and Mati Ur Rehman and Muhammad Hamza Shahzad and Fareed Zaffar and Vern Paxson},
  year         = 2021,
}
@inproceedings{watson,
  title        = {WATSON: Abstracting Behaviors from Audit Logs via Aggregation of Contextual Semantics},
  author       = {Zeng, Jun and Chua, Zheng Leong and Chen, Yinfang and Ji, Kaihang and Liang, Zhenkai and Mao, Jian},
  year         = 2021,
  booktitle    = {NDSS},
}
@misc{riddle2023atlasv2,
      title={ATLASv2: ATLAS Attack Engagements, Version 2}, 
      author={Andy Riddle and Kim Westfall and Adam Bates},
      year={2023},
      eprint={2401.01341},
      archivePrefix={arXiv},
      primaryClass={cs.CR}
}
@inproceedings{sigl,
  title        = {SIGL: Securing Software Installations Through Deep Graph Learning},
  author       = {Han, Xueyuan and Yu, Xiao and Pasquier, Thomas and Li, Ding and Rhee, Junghwan and Mickens, James and Seltzer, Margo and Chen, Haifeng},
  year         = 2021,
  booktitle    = {USENIX Security Symposium},
}
@inproceedings{atlas,
  title        = {ATLAS: A Sequence-based Learning Approach for Attack Investigation},
  author       = {Alsaheel, Abdulellah and Nan, Yuhong and Ma, Shiqing and Yu, Le and Walkup, Gregory and Celik, Z Berkay and Zhang, Xiangyu and Xu, Dongyan},
  year         = 2021,
  booktitle    = {USENIX Security Symposium},
}
@inproceedings{kwon2021c,
  title        = {C 2 SR: Cybercrime Scene Reconstruction for Post-mortem Forensic Analysis},
  author       = {Kwon, Yonghwi and Wang, Weihang and Jung, Jinho and Lee, Kyu Hyung and Perdisci, Roberto},
  year         = 2021,
  booktitle    = {NDSS},
}
@inproceedings{yagemann2021validating,
  title        = {Validating the Integrity of Audit Logs Against Execution Repartitioning Attacks},
  author       = {Yagemann, Carter and Noureddine, Mohammad and Hassan, Wajih Ul and Chung, Simon and Bates, Adam and Lee, Wenke},
  year         = 2021,
  booktitle    = {CCS},
}
@inproceedings{chen2021clarion,
  title        = {CLARION: Sound and Clear Provenance Tracking for Microservice Deployments},
  author       = {Chen, Xutong and Irshad, Hassaan and Chen, Yan and Gehani, Ashish and Yegneswaran, Vinod},
  year         = 2021,
  booktitle    = {USENIX Security Symposium},
}
@inproceedings{dattaalastor,
  title        = {ALASTOR: Reconstructing the Provenance of Serverless Intrusions},
  author       = {Datta, Pubali and Polinsky, Isaac and Inam, Muhammad Adil and Bates, Adam and Enck, William},
  year         = 2021,
  booktitle    = {USENIX Security Symposium},
}
@inproceedings{fei2021seal,
  title        = {SEAL: Storage-efficient causality analysis on enterprise logs with query-friendly compression},
  author       = {Fei, Peng and Li, Zhou and Wang, Zhiying and Yu, Xiao and Li, Ding and Jee, Kangkook},
  year         = 2021,
  booktitle    = {USENIX Security Symposium},
}
@inproceedings{elise,
  title        = {ELISE: A Storage Efficient Logging System Powered by Redundancy Reduction and Representation Learning},
  author       = {Ding, Hailun and Yan, Shenao and Zhai, Juan and Ma, Shiqing},
  year         = 2021,
  booktitle    = {30th USENIX Security Symposium (USENIX Security 21)},
}
@inproceedings{anjum2021analyzing,
  title        = {Analyzing the usefulness of the DARPA OpTC dataset in cyber threat detection research},
  author       = {Anjum, Md Monowar and Iqbal, Shahrear and Hamelin, Benoit},
  year         = 2021,
  booktitle    = {Proceedings of the 26th ACM Symposium on Access Control Models and Technologies},
}
@article{maseer2021benchmarking,
  title        = {Benchmarking of machine learning for anomaly based intrusion detection systems in the CICIDS2017 dataset},
  author       = {Maseer, Ziadoon Kamil and Yusof, Robiah and Bahaman, Nazrulazhar and Mostafa, Salama A and Foozy, Cik Feresa Mohd},
  year         = 2021,
  journal      = {IEEE access},
  publisher    = {IEEE},
  volume       = 9,
}
@inproceedings{cai2021structural,
  title        = {Structural temporal graph neural networks for anomaly detection in dynamic graphs},
  author       = {Cai, Lei and Chen, Zhengzhang and Luo, Chen and Gui, Jiaping and Ni, Jingchao and Li, Ding and Chen, Haifeng},
  year         = 2021,
  booktitle    = {Proceedings of the 30th ACM international conference on Information \& Knowledge Management},
}
@inproceedings{ho2021hopper,
  title        = {Hopper: Modeling and Detecting Lateral Movement.},
  author       = {Ho, Grant and Dhiman, Mayank and Akhawe, Devdatta and Paxson, Vern and Savage, Stefan and Voelker, Geoffrey M and Wagner, David A},
  year         = 2021,
  booktitle    = {USENIX Security Symposium},
}
@inproceedings{deepaid,
  title        = {Deepaid: Interpreting and improving deep learning-based anomaly detection in security applications},
  author       = {Han, Dongqi and Wang, Zhiliang and Chen, Wenqi and Zhong, Ying and Wang, Su and Zhang, Han and Yang, Jiahai and Shi, Xingang and Yin, Xia},
  booktitle    = {Proceedings of the 2021 ACM SIGSAC Conference on Computer and Communications Security},
  year         = 2021,
}
@inproceedings{roy2020crypte,
  title={Crypte: Crypto-assisted differential privacy on untrusted servers},
  author={Roy Chowdhury, Amrita and Wang, Chenghong and He, Xi and Machanavajjhala, Ashwin and Jha, Somesh},
  booktitle={Proceedings of the 2020 ACM SIGMOD International Conference on Management of Data},
  pages={603--619},
  year={2020}
}
@inproceedings{shadewatcher,
  title        = {Shadewatcher: Recommendation-guided cyber threat analysis using system audit records},
  author       = {Zeng, Jun and Wang, Xiang and Liu, Jiahao and Chen, Yinfang and Liang, Zhenkai and Chua, Tat-Seng and Chua, Zheng Leong},
  year         = 2022,
  booktitle    = {IEEE Symposium on Security and Privacy (SP)},
}
@inproceedings{dossier,
  title        = {Forensic Analysis of Configuration-based Attacks},
  author       = {Inam, Muhammad Adil and Hassan,  Wajih Ul and Ahad, Ali and Bates, Adam and Tahir, Rashid and Xu, Tianyin and Zaffar, Fareed},
  year         = 2022,
  booktitle    = {NDSS},
}
@inproceedings{parrainterpretable,
  title        = {Interpretable Federated Transformer Log Learning for Cloud Threat Forensics},
  author       = {Parra, Gonzalo De La Torre and Selvera, Luis and Khoury, Joseph and Irizarry, Hector and Bou-Harb, Elias and Rad, Paul},
  year         = 2022,
  booktitle    = {NDSS},
}
@inproceedings{provtalk,
  title        = {ProvTalk: Towards Interpretable Multi-level Provenance Analysis in Networking Functions Virtualization (NFV)},
  author       = {Tabiban, Azadeh and Zhao, Heyang and Jarraya, Yosr and Pourzandi, Makan and Zhang, Mengyuan and Wang, Lingyu},
  year         = 2022,
  booktitle    = {NDSS},
}
@inproceedings{xu2022depcomm,
  title        = {DEPCOMM: Graph Summarization on System Audit Logs for Attack Investigation},
  author       = {Xu, Zhiqiang and Fang, Pengcheng and Liu, Changlin and Xiao, Xusheng and Wen, Yu and Meng, Dan},
  year         = 2022,
  booktitle    = {IEEE Symposium on Security and Privacy (SP)},
}
@inproceedings{fang2022back,
  title        = {Back-Propagating System Dependency Impact for Attack Investigation},
  author       = {Fang, Pengcheng and Gao, Peng and Liu, Changlin and Ayday, Erman and Jee, Kangkook and Wang, Ting and Ye, Yanfang Fanny and Liu, Zhuotao and Xiao, Xusheng},
  year         = 2022,
  booktitle    = {USENIX Security Symposium},
}
@inproceedings{van2022deepcase,
  title        = {DEEPCASE: Semi-Supervised Contextual Analysis of Security Events},
  author       = {van Ede, Thijs and Aghakhani, Hojjat and Spahn, Noah and Bortolameotti, Riccardo and Cova, Marco and Continella, Andrea and van Steen, Maarten and Peter, Andreas and Kruegel, Christopher and Vigna, Giovanni},
  year         = 2022,
  booktitle    = {IEEE Symposium on Security and Privacy (SP)},
}
@article{li2020federated,
  title={Federated optimization in heterogeneous networks},
  author={Li, Tian and Sahu, Anit Kumar and Zaheer, Manzil and Sanjabi, Maziar and Talwalkar, Ameet and Smith, Virginia},
  journal={Proceedings of Machine learning and systems},
  volume={2},
  pages={429--450},
  year={2020}
}
@article{asad2020fedopt,
  title={Fedopt: Towards communication efficiency and privacy preservation in federated learning},
  author={Asad, Muhammad and Moustafa, Ahmed and Ito, Takayuki},
  journal={Applied Sciences},
  volume={10},
  number={8},
  pages={2864},
  year={2020},
  publisher={MDPI}
}
@inproceedings{hardlog,
  title        = {HARDLOG: Practical Tamper-Proof System Auditing Using a Novel Audit Device},
  author       = {Ahmad, Adil and Lee, Sangho and Peinado, Marcus},
  year         = 2022,
  booktitle    = {2022 IEEE Symposium on Security and Privacy (SP)},
  organization = {IEEE Computer Society},
}
@inproceedings{king2022euler,
  title        = {Euler: Detecting network lateral movement via scalable temporal link prediction},
  author       = {King, Isaiah J and Huang, H Howie},
  year         = 2022,
  booktitle    = {Network and Distributed System Security Symposium},
}
@article{wang2022threatrace,
  title        = {Threatrace: Detecting and tracing host-based threats in node level through provenance graph learning},
  author       = {Wang, Su and Wang, Zhiliang and Zhou, Tao and Sun, Hongbin and Yin, Xia and Han, Dongqi and Zhang, Han and Shi, Xingang and Yang, Jiahai},
  year         = 2022,
  journal      = {IEEE Transactions on Information Forensics and Security},
  publisher    = {IEEE},
  volume       = 17,
}
@inproceedings{zengy2022shadewatcher,
  title        = {Shadewatcher: Recommendation-guided cyber threat analysis using system audit records},
  author       = {Zengy, Jun and Wang, Xiang and Liu, Jiahao and Chen, Yinfang and Liang, Zhenkai and Chua, Tat-Seng and Chua, Zheng Leong},
  year         = 2022,
  booktitle    = {2022 IEEE Symposium on Security and Privacy (SP)},
  organization = {IEEE},
}
@inproceedings{lo2022graphsage,
  title        = {E-graphsage: A graph neural network based intrusion detection system for iot},
  author       = {Lo, Wai Weng and Layeghy, Siamak and Sarhan, Mohanad and Gallagher, Marcus and Portmann, Marius},
  year         = 2022,
  booktitle    = {NOMS 2022-2022 IEEE/IFIP Network Operations and Management Symposium},
  organization = {IEEE},
}
@article{pujol2022unveiling,
  title        = {Unveiling the potential of graph neural networks for robust intrusion detection},
  author       = {Pujol-Perich, David and Suarez-Varela, Jose and Cabellos-Aparicio, Albert and Barlet-Ros, Pere},
  year         = 2022,
  journal      = {ACM SIGMETRICS Performance Evaluation Review},
  publisher    = {ACM New York, NY, USA},
  volume       = 49,
}
@article{saad2022embedding,
  title        = {Embedding Recycling for Language Models},
  author       = {Saad-Falcon, Jon and Singh, Amanpreet and Soldaini, Luca and D'Arcy, Mike and Cohan, Arman and Downey, Doug},
  year         = 2022,
  journal      = {arXiv preprint arXiv:2207.04993},
}
@article{sun2022adversarial,
  title        = {Adversarial attack and defense on graph data: A survey},
  author       = {Sun, Lichao and Dou, Yingtong and Yang, Carl and Zhang, Kai and Wang, Ji and Philip, S Yu and He, Lifang and Li, Bo},
  journal      = {IEEE Transactions on Knowledge and Data Engineering},
  year         = 2022,
  publisher    = {IEEE},
}
@inproceedings{arp2022and,
  title        = {Dos and don'ts of machine learning in computer security},
  author       = {Arp, Daniel and Quiring, Erwin and Pendlebury, Feargus and Warnecke, Alexander and Pierazzi, Fabio and Wressnegger, Christian and Cavallaro, Lorenzo and Rieck, Konrad},
  booktitle    = {31st USENIX Security Symposium (USENIX Security 22)},
  year         = 2022,
}
@article{man2021intelligent,
  title={Intelligent intrusion detection based on federated learning for edge-assisted internet of things},
  author={Man, Dapeng and Zeng, Fanyi and Yang, Wu and Yu, Miao and Lv, Jiguang and Wang, Yijing},
  journal={Security and Communication Networks},
  volume={2021},
  pages={1--11},
  year={2021},
  publisher={Hindawi Limited}
}
@article{friha20232df,
  title={2DF-IDS: Decentralized and differentially private federated learning-based intrusion detection system for industrial IoT},
  author={Friha, Othmane and Ferrag, Mohamed Amine and Benbouzid, Mohamed and Berghout, Tarek and Kantarci, Burak and Choo, Kim-Kwang Raymond},
  journal={Computers \& Security},
  volume={127},
  pages={103097},
  year={2023},
  publisher={Elsevier}
}

@inproceedings{chaabene2023privacy,
  title={A privacy-preserving federated learning for IoT intrusion detection system},
  author={Chaabene, Riadh Ben and Ameyed, Darine and Jaafer, Fehmi and Roger, Alexis and Esma, Aimeur and Cheriet, Mohamed},
  booktitle={2023 9th International Conference on Control, Decision and Information Technologies (CoDIT)},
  pages={351--356},
  year={2023},
  organization={IEEE}
}

@article{wang2023ppefl,
  title={Ppefl: Privacy-preserving edge federated learning with local differential privacy},
  author={Wang, Baocang and Chen, Yange and Jiang, Hang and Zhao, Zhen},
  journal={IEEE Internet of Things Journal},
  year={2023},
  publisher={IEEE}
}

@article{sav2020poseidon,
  title={POSEIDON: Privacy-preserving federated neural network learning},
  author={Sav, Sinem and Pyrgelis, Apostolos and Troncoso-Pastoriza, Juan R and Froelicher, David and Bossuat, Jean-Philippe and Sousa, Joao Sa and Hubaux, Jean-Pierre},
  journal={arXiv preprint arXiv:2009.00349},
  year={2020}
}

@inproceedings{dasu2022prov,
  title={PROV-FL: Privacy-preserving round optimal verifiable federated learning},
  author={Dasu, Vishnu Asutosh and Sarkar, Sumanta and Mandal, Kalikinkar},
  booktitle={Proceedings of the 15th ACM Workshop on Artificial Intelligence and Security},
  pages={33--44},
  year={2022}
}

@article{annamalai2023fp,
  title={FP-Fed: Privacy-Preserving Federated Detection of Browser Fingerprinting},
  author={Annamalai, Meenatchi Sundaram Muthu Selva and Bilogrevic, Igor and De Cristofaro, Emiliano},
  journal={arXiv preprint arXiv:2311.16940},
  year={2023}
}

@inproceedings{guo2023new,
  title={A New Federated Learning Model for Host Intrusion Detection System Under Non-IID Data},
  author={Guo, Wei and Yao, Zhiwei and Liu, Yongfei and Zhang, Lanxue and Li, Liangxiong and Li, Tong and Wu, Bingzhen},
  booktitle={2023 IEEE International Conference on Systems, Man, and Cybernetics (SMC)},
  pages={494--500},
  year={2023},
  organization={IEEE}
}

@inproceedings{yang2023privatefl,
  title={$\{$PrivateFL$\}$: Accurate, differentially private federated learning via personalized data transformation},
  author={Yang, Yuchen and Hui, Bo and Yuan, Haolin and Gong, Neil and Cao, Yinzhi},
  booktitle={32nd USENIX Security Symposium (USENIX Security 23)},
  pages={1595--1612},
  year={2023}
}
@article{li2023efficient,
  title={An Efficient Federated Learning System for Network Intrusion Detection},
  author={Li, Jianbin and Tong, Xin and Liu, Jinwei and Cheng, Long},
  journal={IEEE Systems Journal},
  year={2023},
  publisher={IEEE}
}
@inproceedings{zeng2022palantir,
  title        = {PalanT{\'\i}r: Optimizing Attack Provenance with Hardware-enhanced System Observability},
  author       = {Zeng, Jun and Zhang, Chuqi and Liang, Zhenkai},
  booktitle    = {Proceedings of the 2022 ACM SIGSAC Conference on Computer and Communications Security},
  year         = 2022,
}
@inproceedings{zhou2023ugrapher,
  title        = {uGrapher: High-Performance Graph Operator Computation via Unified Abstraction for Graph Neural Networks},
  author       = {Zhou, Yangjie and Leng, Jingwen and Song, Yaoxu and Lu, Shuwen and Wang, Mian and Li, Chao and Guo, Minyi and Shen, Wenting and Li, Yong and Lin, Wei and others},
  year         = 2023,
  booktitle    = {Proceedings of the 28th ACM International Conference on Architectural Support for Programming Languages and Operating Systems, Volume 2},
}
@inproceedings{dong2023distdet,
  title={\textit{DISTDET}: A \textit{Cost-Effective} Distributed Cyber Threat Detection System},
  author={Dong, Feng and Wang, Liu and Nie, Xu and Shao, Fei and Wang, Haoyu and Li, Ding and Luo, Xiapu and Xiao, Xusheng},
  booktitle={32nd USENIX Security Symposium (USENIX Security 23)},
  pages={6575--6592},
  year={2023}
}
@article{akulsometimes,
  title        = {Sometimes, You Aren't What You Do: Mimicry Attacks against Provenance Graph Host Intrusion Detection Systems},
  author       = {Goyal, Akul and Han, Xueyuan and Wang, Gang and Bates, Adam},
  year         = 2023,
  booktitle    = {Network and distributed system security symposium},
}

@article{jia2023magic,
  title={MAGIC: Detecting Advanced Persistent Threats via Masked Graph Representation Learning},
  author={Jia, Zian and Xiong, Yun and Nan, Yuhong and Zhang, Yao and Zhao, Jinjing and Wen, Mi},
  journal={arXiv preprint arXiv:2310.09831},
  year={2023}
}

@article{zhang2023fedego,
  title={Fedego: privacy-preserving personalized federated graph learning with ego-graphs},
  author={Zhang, Taolin and Mai, Chengyuan and Chang, Yaomin and Chen, Chuan and Shu, Lin and Zheng, Zibin},
  journal={ACM Transactions on Knowledge Discovery from Data},
  volume={18},
  number={2},
  pages={1--27},
  year={2023},
  publisher={ACM New York, NY}
}

@inproceedings{flash2024,
  title = {FLASH: A Comprehensive Approach to Intrusion Detection via Provenance Graph Representation Learning},
  author = {Rehman, Mati Ur and Ahmadi, Hadi and Hassan, Wajih Ul},
  booktitle = {IEEE Symposium on Security and Privacy (S\&P)},
  year = {2024},
}
@inproceedings{mcmahan2017communication,
  title={Communication-efficient learning of deep networks from decentralized data},
  author={McMahan, Brendan and Moore, Eider and Ramage, Daniel and Hampson, Seth and y Arcas, Blaise Aguera},
  booktitle={Artificial intelligence and statistics},
  pages={1273--1282},
  year={2017},
  organization={PMLR}
}
@article{zhao2018federated,
  title={Federated learning with non-iid data},
  author={Zhao, Yue and Li, Meng and Lai, Liangzhen and Suda, Naveen and Civin, Damon and Chandra, Vikas},
  journal={arXiv preprint arXiv:1806.00582},
  year={2018}
}
@article{cheng2023kairos,
  title={Kairos:: Practical Intrusion Detection and Investigation using Whole-system Provenance},
  author={Cheng, Zijun and Lv, Qiujian and Liang, Jinyuan and Wang, Yan and Sun, Degang and Pasquier, Thomas and Han, Xueyuan},
  journal={arXiv preprint arXiv:2308.05034},
  year={2023}
}
@article{yangprographer,
  title        = {PROGRAPHER: An Anomaly Detection System based on Provenance Graph Embedding},
  author       = {Yang, Fan and Xu, Jiacen and Xiong, Chunlin and Li, Zhou and Zhang, Kehuan},
  booktitle    = {USENIX Security},
  year         = 2023,
}
@inproceedings{si2017gradient,
  title={Gradient boosted decision trees for high dimensional sparse output},
  author={Si, Si and Zhang, Huan and Keerthi, S Sathiya and Mahajan, Dhruv and Dhillon, Inderjit S and Hsieh, Cho-Jui},
  booktitle={International conference on machine learning},
}
@article{anghel2018benchmarking,
  title={Benchmarking and optimization of gradient boosting decision tree algorithms},
  author={Anghel, Andreea and Papandreou, Nikolaos and Parnell, Thomas and De Palma, Alessandro and Pozidis, Haralampos},
  journal={arXiv preprint arXiv:1809.04559},
  year={2018}
}
@article{bonawitz2019towards,
  title={Towards federated learning at scale: System design},
  author={Bonawitz, Keith and Eichner, Hubert and Grieskamp, Wolfgang and Huba, Dzmitry and Ingerman, Alex and Ivanov, Vladimir and Kiddon, Chloe and Kone{\v{c}}n{\`y}, Jakub and Mazzocchi, Stefano and McMahan, Brendan and others},
  journal={Proceedings of machine learning and systems},
  volume={1},
  pages={374--388},
  year={2019}
}
@inproceedings{inam2023sok,
  title={Sok: History is a vast early warning system: Auditing the provenance of system intrusions},
  author={Inam, Muhammad Adil and Chen, Yinfang and Goyal, Akul and Liu, Jason and Mink, Jaron and Michael, Noor and Gaur, Sneha and Bates, Adam and Hassan, Wajih Ul},
  booktitle={2023 IEEE Symposium on Security and Privacy (SP)},
  pages={2620--2638},
  year={2023},
  organization={IEEE}
}

@article{antwarg2021explaining,
  title={Explaining anomalies detected by autoencoders using Shapley Additive Explanations},
  author={Antwarg, Liat and Miller, Ronnie Mindlin and Shapira, Bracha and Rokach, Lior},
  journal={Expert systems with applications},
  volume={186},
  pages={115736},
  year={2021},
  publisher={Elsevier}
}

@inproceedings{brown2018recurrent,
  title={Recurrent neural network attention mechanisms for interpretable system log anomaly detection},
  author={Brown, Andy and Tuor, Aaron and Hutchinson, Brian and Nichols, Nicole},
  booktitle={Proceedings of the first workshop on machine learning for computing systems},
  pages={1--8},
  year={2018}
}

@inproceedings{ardito2021revisiting,
  title={Revisiting Security Threat on Smart Grids: Accurate and Interpretable Fault Location Prediction and Type Classification.},
  author={Ardito, Carmelo and Deldjoo, Yashar and Di Sciascio, Eugenio and Nazary, Fatemeh},
  booktitle={ITASEC},
  pages={523--533},
  year={2021}
}

@article{hwang2021sfd,
  title={E-SFD: Explainable sensor fault detection in the ICS anomaly detection system},
  author={Hwang, Chanwoong and Lee, Taejin},
  journal={IEEE Access},
  volume={9},
  pages={140470--140486},
  year={2021},
  publisher={IEEE}
}

@article{chang2024survey,
  title={A survey on evaluation of large language models},
  author={Chang, Yupeng and Wang, Xu and Wang, Jindong and Wu, Yuan and Yang, Linyi and Zhu, Kaijie and Chen, Hao and Yi, Xiaoyuan and Wang, Cunxiang and Wang, Yidong and others},
  journal={ACM Transactions on Intelligent Systems and Technology},
  volume={15},
  number={3},
  pages={1--45},
  year={2024},
  publisher={ACM New York, NY}
}

@inproceedings{wilbert2012log,
  title={Log Management and Retention in Corporate Environments},
  author={Wilbert, Brittany and Chen, Lei},
  booktitle={Proceedings of the International Conference on e-Learning, e-Business, Enterprise Information Systems, and e-Government (EEE)},
  pages={1},
  year={2012},
  organization={The Steering Committee of The World Congress in Computer Science, Computer~…}
}

@inproceedings{kumar2018secure,
  title={Secure log storage using blockchain and cloud infrastructure},
  author={Kumar, Manish and Singh, Ashish Kumar and Kumar, TV Suresh},
  booktitle={2018 9th International Conference on Computing, Communication and Networking Technologies (ICCCNT)},
  pages={1--4},
  year={2018},
  organization={IEEE}
}

@inproceedings{portillo2019towards,
  title={Towards an efficient log data protection in software systems through data minimization and anonymization},
  author={Portillo-Dominguez, A Omar and Ayala-Rivera, Vanessa},
  booktitle={2019 7th International Conference in Software Engineering Research and Innovation (CONISOFT)},
  pages={107--115},
  year={2019},
  organization={IEEE}
}

@article{xiong2022cyber,
  title={Cyber security threat modeling based on the MITRE Enterprise ATT\&CK Matrix},
  author={Xiong, Wenjun and Legrand, Emeline and {\AA}berg, Oscar and Lagerstr{\"o}m, Robert},
  journal={Software and Systems Modeling},
  volume={21},
  number={1},
  pages={157--177},
  year={2022},
  publisher={Springer}
}

@article{ismail2020fernet,
  title={Fernet Symmetric Encryption Method to Gather MQTT E2E Secure Communications for IoT Devices},
  author={Ismail, EL GAABOURI and Chahboun, Asaad and Raissouni, Naoufal},
  year={2020}
}

@inproceedings{alwen2009collusion,
  title={Collusion-free multiparty computation in the mediated model},
  author={Alwen, Jo{\"e}l and Katz, Jonathan and Lindell, Yehuda and Persiano, Giuseppe and Shelat, Abhi and Visconti, Ivan},
  booktitle={Advances in Cryptology-CRYPTO 2009: 29th Annual International Cryptology Conference, Santa Barbara, CA, USA, August 16-20, 2009. Proceedings},
  pages={524--540},
  year={2009},
  organization={Springer}
}

@inproceedings{karande2017sgx,
  title={SGX-Log: Securing system logs with SGX},
  author={Karande, Vishal and Bauman, Erick and Lin, Zhiqiang and Khan, Latifur},
  booktitle={Proceedings of the 2017 ACM on Asia Conference on Computer and Communications Security},
  pages={19--30},
  year={2017}
}

@incollection{mckeen2016intel,
  title={Intel{\textregistered} software guard extensions (intel{\textregistered} sgx) support for dynamic memory management inside an enclave},
  author={McKeen, Frank and Alexandrovich, Ilya and Anati, Ittai and Caspi, Dror and Johnson, Simon and Leslie-Hurd, Rebekah and Rozas, Carlos},
  booktitle={Proceedings of the Hardware and Architectural Support for Security and Privacy 2016},
  pages={1--9},
  year={2016}
}

@inproceedings{naehrig2011can,
  title={Can homomorphic encryption be practical?},
  author={Naehrig, Michael and Lauter, Kristin and Vaikuntanathan, Vinod},
  booktitle={Proceedings of the 3rd ACM workshop on Cloud computing security workshop},
  pages={113--124},
  year={2011}
}

@book{menezes2018handbook,
  title={Handbook of applied cryptography},
  author={Menezes, Alfred J and Van Oorschot, Paul C and Vanstone, Scott A},
  year={2018},
  publisher={CRC press}
}

@inproceedings{raj2023performance,
  title={Performance Analysis of Hybrid Cryptographic Algorithms in Serverless Platforms},
  author={Raj, Vinay and Suresh, Satharla and Phridviraj, MSB},
  booktitle={International Conference on Advanced Computing and Intelligent Technologies},
  pages={93--105},
  year={2023},
  organization={Springer}
}